2967 4675
240 511 244 521 .
343 454 420 519 ms
920 448 999 517 ms
1152 452 1240 537 ‘ras

107 558 171 627 lius
194 550 334 631 hominis
355 590 421 632 non
440 567 526 637 venit
548 566 656 632 minis·
698 564 815 631 Christi
826 566 1008 653 passionum
1020 616 1028 641 ‚
1042 566 1095 652 qui
1112 577 1144 631 et
1155 565 1240 652 ejus,

103 654 209 730 tratri,
230 654 287 719 sed
308 655 487 721 ministrare
497 688 514 729 ‚·
526 669 557 720 et
580 654 656 721 dare
697 678 766 741 quae
792 656 824 719 in
850 655 957 721 futuro
979 652 1147 721 revelanda
1174 666 1240 728 est,

107 742 251 807 animem
273 768 384 821 suam,
402 745 654 834 redemptionem
698 742 803 831 gloriae
819 744 1073 810 communicator
1091 743 1242 811 :Pascite
1309 816 1313 823 ¹

106 852 166 915 pro
190 829 312 899 multis.
330 833 450 901 Marah.
474 856 526 900 2ο.
548 836 599 899 25.
626 850 657 899 et
697 832 803 918 quiin
828 834 917 898 vobis
938 846 985 897 est
1008 856 1135 923 gregem
1162 830 1240 905 Dei,

105 940 169 1004 aeq.
193 922 281 986 Vide
294 923 373 988 Luc.
394 946 445 989 22.
468 925 518 988 25.
696 922 897 1009 providentes
925 944 989 986 non
1017 928 1151 997 coacte,
1185 919 1241 989 sed

149 1008 263 1075 Bonus
281 1024 390 1098 pastor
406 1013 546 1079 animam
565 1036 654 1077 suam
697 1018 873 1099 spontanee
897 1012 1073 1077 secundum
1097 1012 1199 1076 Deum
1230 1032 1241 1079 a

106 1094 162 1160 dat
178 1121 240 1187 pro
253 1100 363 1166 ovibus
375 1101 456 1178 suis,
469 1114 531 1169 otc.
549 1102 651 1168 loun.
697 1123 801 1189 neque
822 1101 924 1189 turpis
945 1098 1026 1165 lucri
1045 1100 1163 1189 gratia,
1184 1098 1239 1163 sed

109 1208 159 1251 ιο.
185 1210 236 1251 22.
696 1188 879 1255 voluntarie
906 1212 914 1254 ε
946 1211 1049 1276 neque
1075 1200 1111 1252 ut
1139 1188 1241 1255 domi-

150 1274 319 1345 Attendite
333 1278 442 1354 vobis,
456 1291 489 1343 et
507 1280 653 1345 universo
696 1290 809 1342 nantes
821 1278 853 1342 iu
866 1278 972 1352 cleris,
982 1277 1038 1343 sed
1051 1276 1154 1341 forma
1166 1275 1240 1341 lacti

106 1365 214 1453 gregi,
228 1368 261 1432 in
270 1391 334 1454 quo
346 1392 401 1433 vos
422 1368 559 1455 Spiritus
577 1369 654 1433 Son·
696 1366 801 1453 gregis
819 1390 859 1431 ex
882 1366 999 1431 animo.
1026 1368 1066 1429 Et
1089 1370 1164 1430 clam
1187 1388 1243 1449 ap«

106 1465 179 1518 ctus
202 1457 309 1544 posuit
328 1458 522 1545 Episcopos‚
545 1480 655 1543 regere
697 1454 840 1541 paruerit
873 1456 1021 1541 princeps
1057 1464 1245 1539 pastorum,

104 1541 285 1609 Ecclesiam
294 1544 655 1633 Dei‚quamacquisivit
698 1542 879 1629 percipietis
952 1537 1265 1629 immarcessibilem

105 1632 264 1719 sanguine
284 1656 354 1697 suo.
373 1636 489 1698 Actor.
511 1655 562 1696 2ο.
581 1636 631 1697 28.
699 1630 808 1718 glorie
825 1652 988 1695 coronam.
1008 1654 1035 1695 1.
1051 1631 1139 1695 Pctr.
1161 1629 1190 1693 5.
1216 1650 1242 1690 1.

152 1720 293 1808 Oportet
308 1727 385 1807 ergo
403 1722 597 1809 Episcopum
612 1721 657 1785 ir-
698 1736 729 1783 ca
751 1742 815 1805 aeq.

101 1808 398 1912 reprehensibilem
423 1832 511 1884 esse,
539 1822 600 1875 etc.
626 1834 653 1875 1.

105 1897 138 1961 T
140 1920 204 1966 cm·
222 1897 253 1961 5.
273 1920 302 1961 2.

153 1981 655 2077 OportctenimEpiscopumsine

101 2071 248 2140 crimine
261 2098 349 2152 esse,
366 2089 426 2142 etc.
450 2076 514 2142 Tit.
532 2102 571 2143 .r·.
590 2102 621 2164 p.
740 2078 962 2169 Speculatores
978 2082 1048 2168 ejus
1070 2080 1144 2147 caeci
1172 2104 1244 2145 om*

70 2214 74 2219 .
99 2208 106 2217 ·
149 2161 286 2228 Discunt
295 2176 401 2229 autem
413 2177 446 2231 et
454 2163 553 2240 nostri
561 2167 653 2232 bonis
694 2192 764 2243 nes,
778 2170 958 2235 nescierunt
971 2168 1131 2236 universi:
1146 2192 1242 2235 canes

100 2252 258 2340 operibus
267 2254 450 2342 praeessea'd
463 2280 537 2319 usus
545 2280 652 2321 ncces·
695 2259 775 2323 muti
795 2282 861 2325 non
878 2257 1019 2325 valentes
1035 2259 1171 2333 latrare,
1193 2259 1241 2323 vi-

108 2342 229 2418 sarins,
245 2356 360 2412 utnon
373 2346 435 2415 sint
449 2346 647 2416 infructuosi.
693 2349 804 2413 dentes
835 2373 938 2425 vana,
962 2351 1177 2420 dormientes.
1210 2359 1242 2414 ct

107 2427 192 2497 ttid.
215 2433 246 2497 ὅ.
270 2436 319 2512 24.
433 2469 458 2500 1.
493 2490 500 2498 ,.
590 2469 605 2512 .;-
643 2465 650 2503 1
692 2439 990 2516 amantessomnia.
1017 2437 1084 2504 lm.
1112 2439 1163 2502 56.
1190 2461 1238 2503 ιο.

694 2527 962 2606 Κίἅοιοι,ο.ιι.

694 2659 706 2664 --
732 2615 929 2694 ‚Sacerdotes
947 2637 1023 2680 mon
1047 2613 1195 2676 dixerunt
1232 2635 1240 2674 2

148 2700 247 2782 Quis,
256 2713 366 2790 putes,
379 2715 426 2767 est
435 2702 537 2770 tidelis
544 2728 653 2770 servus
697 2705 757 2768 Ubi
776 2714 824 2767 est
842 2701 1026 2768 Dominus?
1048 2709 1242 2788 et,tenentes

108 2799 136 2851 et
142 2788 287 2876 prudens
296 2841 305 2866 ,
315 2815 413 2878 quem
421 2794 590 2858 ‘constituit
599 2793 653 2858 do-
696 2791 799 2880 legem
813 2791 997 2857 nescierunt
1012 2813 1083 2863 me,
1097 2799 1128 2854 et
1141 2798 1243 2874 pastor

108 2879 208 2962 minus
252 2903 328 2945 suus
368 2905 464 2969 super
503 2881 654 2948 familiam
696 2904 747 2945 rea
762 2879 958 2969 praevaricati
974 2889 1048 2942 sunt
1063 2877 1095 2942 in
1111 2901 1172 2942 mo.
1191 2877 1268 2942 lc·-

109 2967 654 3044 ruam,utdetilliscibumintem-
696 2993 777 3034 rem·
800 2991 828 3034 2.
849 2971 879 3032 8.
1231 2971 1236 2980 '

108 3058 203 3140 pore?
219 3057 337 3123 Beatus
349 3057 403 3124 ille
417 3082 542 3136 servus,
557 3085 654 3149 quom
740 3057 1243 3147 Prophetaepropbotobantrnen·

110 3149 176 3212 cum
193 3148 321 3214 venerit
336 3147 483 3214 dominus
494 3149 584 3236 ejus,
602 3151 654 3214 in·
696 3148 846 3223 decium,
864 3160 896 3213 et
914 3147 1093 3213 sacerdotes
1115 3145 1243 3235 applau-

110 3237 230 3301 venerit
256 3237 302 3302 sic
332 3237 514 3303 facientem.
550 3239 654 3304 Amen
696 3237 815 3302 debant
825 3238 972 3303 manibus
982 3237 1057 3302 suis:
1066 3235 1242 3322 etpopulus

111 3320 177 3390 (lico
193 3325 306 3401 vobis,
320 3328 469 3414 quoniam
479 3351 574 3415 super
583 3351 655 3393 om·
696 3349 785 3390 meus
801 3320 909 3392 dilexit
926 3326 1000 3391 talia
1021 3351 1029 3392 ι
1051 3324 1128 3412 quid
1148 3325 1242 3410 igitur

113 3411 157 3474 nia
177 3415 267 3478 bona
285 3426 349 3480 -suu'
370 3417 544 3482 constituet
565 3439 650 3481 eum.
696 3415 752 3480 liet
766 3415 977 3480 innovissimo
988 3413 1130 3503 ejusi'lb.
1142 3415 1172 3478 5.
1186 3413 1238 3478 51.
1254 3415 1256 3419 ’

113 3498 225 3574 Μοειὶι.
255 3505 307 3582 24.
338 3505 391 3583 45.
421 3521 541 3592 etseq.
568 3503 655 3569 Item
741 3503 939 3594 Aprophetat
964 3510 1062 3592 usque
1085 3503 1242 3566 adsacer

116 3585 186 3654 luc.
209 3613 258 3655 22.
286 3595 341 3671 42.
697 3590 804 3658 dotem
837 3594 946 3660 cuncti
973 3595 1095 3660 l'aciunt
1118 3589 1238 3656 dolum.

153 3679 215 3759 Qui
232 3693 341 3746 cutem
362 3679 487 3768 plantat
499 3681 596 3770 etqui
609 3683 654 3746 ri·
697 3682 737 3748 Et
758 3682 913 3748 curabunt
947 3681 1172 3749 contritionem
1188 3681 1241 3744 ‚li-

113 3780 172 3850 gat,
194 3792 298 3836 unum
320 3782 404 3836 sunt.
435 3769 654 3859 Unusquisque
696 3769 745 3836 liae
761 3771 871 3861 populi
887 3773 951 3839 mci
967 3795 1042 3838 cum
1058 3768 1241 3860 ignominia.

114 3868 214 3924 autem
229 3860 394 3948 propriam
407 3861 588 3926 mercedem
604 3885 655 3928 ac·
697 3859 838 3928 dicentes
861 3886 869 3926 :
895 3861 978 3937 Pax,
1007 3883 1097 3951 pax:
1124 3868 1155 3918 rt
1179 3876 1241 3915 non

115 3943 202 4031 cipiet
236 3947 414 4015 secundum
440 3973 534 4014 suum
561 3947 653 4016 labo·
696 3962 764 4014 erat
798 3975 868 4038 pax.
902 3949 991 4015 latu.
1029 3950 1060 4011 (i.
1106 3943 1153 4006 15.
1191 3941 1238 4015 rt·

115 4051 184 4100 rem.
218 4059 243 4101 1.
275 4037 351 4103 Cor.
379 4039 410 4102 5.
438 4041 468 4104 8.
697 4036 840 4104 hermo.
862 4041 892 4102 8.
913 4062 961 4103 ιο.

154 4123 302 4192 Seniores
323 4133 412 4214 orgo,
441 4129 543 4214 quiin
565 4129 654 4192 vobis
741 4125 887 4190 Pastores
901 4123 991 4189 multi
1010 4115 1151 4184 demoliti
1168 4125 1242 4178 sunt

812 1956 816 1963 “
896 1942 1043 2031 dissipat.

198 2561 386 2634 Praemium
399 2564 567 2658 acquirit.'

117 4216 655 4294 tunt,obsecro‚conseniorcttestis
672 4285 680 4317 ,
697 4215 822 4278 vineam
836 4233 960 4286 meam,
974 4203 1243 4276 conculcaverunt

698 1854 818 1918 Pastor
840 1852 1093 1919 malcolmum
1117 1872 1248 1942 gregem
1345 1930 1347 1935 Ι
