2967 4675
363 329 441 397 sss
931 328 1011 395 sau
1193 329 1254 414 ³7⁵

110 433 228 514 iilud,
255 453 289 504 et
311 441 461 530 expiabis.
479 439 596 507 Ezccb.
615 442 668 520 45.
713 440 1010 528 sionem-sanguinis
1025 439 1102 504 Jesu
1124 437 1252 504 Christi.

114 549 171 592 ao.
718 551 745 594 1.
763 529 850 595 Patr.
874 553 945 595 ma.
962 527 1048 593 Visa
1065 527 1204 593 nloan.
1224 554 1251 590 ι.

162 615 204 680 Si
233 617 321 682 enim
341 619 466 707 sanguis
487 617 671 694 hircorum,
715 641 745 703 7.
763 633 794 683 ct
807 619 911 706 Apoc.
934 641 961 682 1.
981 617 1012 682 5.
1031 630 1099 682 etc.
1119 619 1150 682 5.
1170 640 1200 704 9.

111 716 147 767 ct
184 716 377 781 taurorum,
404 718 436 771 et
461 707 541 771 cinis
568 705 672 772 vituiae

109 793 672 958 Ziebbubiraiabiiiiitiiriinsbiiiiiii,
695 949 697 952 ,
757 888 896 975 Excepto
911 935 921 961 ‚
936 885 1022 973 qubd
1033 907 1163 952 carnem
1178 907 1253 951 cnm

109 981 181 1035 otc.
205 970 314 1036 Hebr.
341 995 371 1060 9.
399 973 447 1036 ιδ.
470 972 568 1038 Lecto
585 972 670 1038 enim
712 973 1128 1064 sanguinenoncomcdctis,
1138 975 1250 1040 Genea.

109 1059 213 1124 omni
245 1059 395 1125 mandato
420 1058 496 1150 legis
521 1068 539 1126 ὲ
562 1060 670 1149 Moyse
712 1089 742 1152 9.
763 1067 794 1143 4.

112 1148 277 1216 universo
285 1147 420 1236 populo,
430 1150 588 1237 accipiens
600 1173 670 1217 sun·
757 1151 823 1218 Nec
834 1151 1021 1240 sanguinem
1033 1199 1042 1226 ,
1056 1172 1117 1215 nec
1128 1149 1254 1237 adipem

111 1235 259 1322 guinem
268 1236 439 1302 vitulorum
448 1249 479 1302 et
487 1238 669 1312 hircorum,
711 1241 843 1305 omnino
857 1238 1042 1305 comedetis.
1059 1237 1136 1302 Leo.
1157 1238 1186 1302 δ.
1203 1261 1252 1323 ¹7·

111 1345 197 1389 cum
219 1333 301 1413 aqui
318 1339 349 1390 et
365 1325 436 1391 lani
453 1329 620 1400 coccinea,
638 1337 671 1390 et
757 1328 952 1430 Sanguinem
988 1349 1115 1413 quoque
1153 1324 1255 1390 omnis

112 1409 289 1502 hyssopo,
314 1415 436 1503 (ipsum
456 1417 602 1501 quoque)
631 1412 672 1476 li·
712 1415 857 1481 animalis
879 1437 944 1480 non
963 1415 1093 1479 sumetis
1110 1413 1145 1478 in
1160 1413 1255 1487 cibo,

111 1501 245 1580 brum,
263 1515 295 1566 et
310 1525 439 1568 omnem
455 1500 609 1590 populum
625 1524 672 1566 as·
713 1510 779 1569 tum
795 1503 836 1568 dc
850 1503 980 1578 avibus,
996 1508 1091 1590 quum
1106 1502 1147 1568 de
1163 1524 1256 1590 peco-

113 1591 246 1678 persit,
261 1591 371 1656 dicens
382 1615 390 1656 :
402 1591 463 1656 Hic
475 1591 600 1678 sanguis
612 1600 672 1654 tes·
714 1593 812 1657 ribus.
831 1591 852 1658 I
854 1591 921 1656 bid.
941 1615 971 1677 7.
993 1592 1044 1657 ab.

112 1680 279 1755 tumenti,
292 1679 379 1768 quod
391 1677 554 1744 mandarit
565 1677 606 1743 ad
618 1701 671 1742 vos
756 1681 862 1746 Homo
880 1679 1014 1768 quilibet
1031 1679 1071 1745 de
1093 1676 1190 1744 domo
1207 1678 1255 1743 Is-

111 1765 225 1832 Dcus.
236 1791 270 1834 o.
287 1792 336 1855 ι9.
351 1791 402 1832 ao.
416 1768 446 1830 V
448 1767 540 1833 idco.
554 1789 605 1832 ιι.
617 1789 667 1832 sa.
710 1768 792 1854 rail,
810 1768 891 1834 etde
907 1767 1258 1856 advenis‚quipcrcgri·

111 1855 217 1922 Item
229 1880 255 1920 c.
277 1879 326 1920 ιι.
348 1858 399 1920 a8.
713 1870 831 1924 uantur
849 1858 1021 1934 intereos,
1039 1859 1065 1922 si
1081 1856 1257 1923 comederit

712 1948 917 2036 sanguinem,
939 1946 1116 2014 obfirmabo
1139 1945 1254 2011 facicm

713 2059 818 2102 meam
846 2047 958 2102 contra
982 2037 1123 2102 animam
1147 2033 1268 2109 iliiuss

746 752 930 842 Sanguinis
944 772 1013 815 esus
1024 748 1218 838 prohibitus.

109 1987 312 2078 Sanguinis
334 1986 460 2053 Christi
477 1988 666 2076 conspersio.

171 2123 212 2189 Si
227 2123 311 2190 enim
324 2124 450 2212 sanguis
461 2123 622 2190 hircorum
638 2135 671 2188 et
712 2138 745 2190 et
766 2125 814 2190 dis
855 2123 946 2195 rdam
973 2147 1045 2191 cam
1068 2124 1109 2190 de
1135 2121 1255 2212 populo

40 2283 41 2292 ¹
117 2217 313 2289 taurorum,
336 2225 369 2278 et
395 2212 473 2280 cinis
494 2211 597 2278 vituiae
619 2236 669 2277 as-
712 2237 779 2280 suo.
796 2149 887 2280 ibid.
906 2237 933 2280 c.
952 2237 1002 2300 ¹7·
1020 2238 1054 2278 o.
1071 2237 1120 2277 ιο.
1141 2211 1256 2277 Anima

40 2301 41 2351 ἶ
116 2301 669 2393 persus,inquinatossanctiiieatad
712 2303 797 2369 enim
815 2303 918 2369 omnis
935 2303 1041 2370 curnis
1053 2302 1085 2367 in
1101 2301 1257 2389 sanguine

119 2391 385 2459 emundationem
403 2392 507 2457 caruis
523 2415 532 2457 ι
549 2397 670 2479 quanto
712 2404 759 2459 ost
772 2416 780 2457 ι
795 2391 880 2457 unde
887 2392 951 2457 dixi
963 2391 1036 2456 filiis
1044 2388 1160 2455 lsraiil:
1176 2389 1255 2455 San-

119 2485 227 2571 magis
242 2480 368 2634 sangnis
390 2478 523 2557 Christi,
542 2480 596 2569 qui
612 2504 671 2569 per
711 2482 1000 2571 guinemunirersae
1012 2478 1188 2543 carnisnon
1198 2500 1256 2544 co-

123 2568 282 2657 Spiritum
322 2580 453 2651 anctum
464 2570 574 2634 semoti
598 2592 669 2634 sum
712 2570 862 2643 medatis,
877 2569 952 2655 qnia
974 2566 1080 2630 anima
1098 2564 1203 2629 carnis
1223 2565 1256 2629 in

123 2656 245 2722 obtulit
287 2655 527 2723 immaculatum
571 2592 669 2733 beo,
712 2658 865 2745 sanguino
891 2667 939 2720 est
964 2678 972 2719 ε
1001 2664 1035 2717 et
1061 2652 1257 2739 quicumque

122 2744 316 2811 emundabit
342 2744 567 2811 conscientiam
596 2768 671 2811 nos·
712 2744 889 2813 comederit
908 2741 1019 2816 illum,
1041 2736 1194 2804 interibit.
1220 2765 1253 2805 v.

123 2846 208 2900 tram
235 2834 274 2897 ab
298 2834 446 2922 oporibus
468 2834 601 2898 mortuis
631 2832 671 2899 ud
718 2837 768 2913 ι4.

123 2922 330 2990 serviendum
339 2923 408 2988 Deo
416 2921 553 2989 viventii
565 2921 666 2987 Hatr.
751 2920 822 2987 Non
843 2916 1015 2983 comedetis
1031 2938 1162 2983 carnem
1185 2941 1258 2983 cum

125 3034 155 3097 9.
175 3012 230 3077 ιδ.
250 3014 299 3089 14.
713 3008 876 3096 sanguine.
892 3006 981 3073 isid.
1002 3030 1050 3093 ι9.
1069 3006 1119 3071 ab.

168 3098 334 3165 Habentes
348 3099 472 3187 itaque,
488 3098 620 3171 iratres.
637 3096 672 3162 fi·
758 3094 1256 3170 Sinautemcomederevoiueris,

127 3186 256 3257 duciam
272 3188 304 3253 in
324 3188 456 3252 introitu
479 3186 671 3255 Sanctorum
712 3197 745 3251 et
757 3199 788 3250 te
799 3208 872 3251 esus
883 3186 1027 3251 carnium
1037 3183 1256 3259 delectaverit,

127 3274 158 3341 in
172 3278 329 3366 sanguine
343 3275 478 3353 Christi,
495 3288 558 3341 etc.
578 3274 666 3339 Itis.
713 3275 844 3351 occide,
872 3286 904 3338 et
929 3274 1063 3341 comede
1078 3312 1121 3321 -—
1137 3274 1258 3359 absque

136 3387 179 3433 ro.
198 3388 249 3453 ι9.
713 3386 770 3427 osu
792 3363 944 3428 duntaxat
961 3361 1139 3450 sanguinis,
1160 3384 1258 3448 quem

171 3454 357 3521 secessistis
376 3452 416 3517 ad
435 3489 478 3501 -
491 3452 671 3516 testamenti
713 3451 960 3541 superterram,
976 3451 1193 3537 quasiaquam
1207 3450 1256 3517 ei*
1323 3501 1326 3510 .

136 3544 202 3607 nori
236 3542 445 3608 mediatorem
476 3540 612 3615 iesum,
640 3551 671 3604 ct
712 3538 1256 3607 suadeamus.nationesn-

135 3632 290 3721 sanguinis
320 3628 532 3719 aspersionem
558 3625 671 3693 meiius
713 3628 779 3694 iirm
803 3654 900 3706 carc,
921 3652 961 3693 ne
988 3628 1175 3718 sanguinem
1198 3652 1254 3694 co-

134 3714 442 3808 toquentem‚qutm
454 3717 545 3784 Abel.
565 3717 666 3783 Hebr.
713 3717 822 3785 medas
846 3734 857 3784 ἰ
879 3718 1005 3808 sanguis
1031 3717 1118 3783 enim
1143 3739 1255 3783 eorum

141 3828 183 3873 ιι.
206 3832 257 3875 aa.
280 3812 330 3887 al..
716 3810 997 3895 (Armeniorum,
1024 3822 1054 3871 ct
1077 3805 1257 3893 pecorum)

175 3896 360 3963 Sccuadbm
375 3894 604 3985 prescientiam
611 3896 671 3962 Dei
712 3896 771 3987 pro
793 3898 897 3963 anima
913 3909 959 3961 est
978 3921 986 3961 ι
1004 3907 1036 3959 et
1054 3894 1173 3958 idcirco
1190 3912 1255 3955 non

138 3980 291 4061 Patris,in
303 3986 584 4053 sanctificationem
598 3985 671 4075 Spi-
713 3988 812 4052 debes
831 3986 969 4049 animam
993 3979 1163 4048 comedero
1182 3999 1258 4047 cum

138 4070 210 4142 ritis
222 4124 230 4152 ,
244 4075 672 4163 inobedientiam‚ctasper·
714 4074 873 4142 carnibus.
891 4095 924 4135 o.
945 4070 997 4137 ιδ.
