2967 4675
364 353 445 425 OPE
755 398 760 407 ·
937 354 1019 426 opu
1201 360 1258 425 rad

125 465 284 557 (Moysi)
309 465 472 554 respondit
490 465 646 530 Dominus
664 488 672 530 :
692 450 699 481 ⁸
716 488 802 533 mem
811 468 1076 546 viventem‚sicut
1084 470 1155 536 ieci.
1164 469 1185 534 I
1188 470 1254 535 bid.

126 556 195 635 Qui
224 555 408 643 peccaverit
436 553 534 631 mihi,
559 552 674 618 delebo
717 559 749 622 8.
766 580 817 623 au.
836 572 940 644 etseq.

123 666 206 708 eum
222 642 266 708 de
277 640 359 707 libro
371 666 454 709 meo.
471 666 504 707 v.
521 642 574 707 53.
591 642 677 707 Vide
760 642 892 713 vocavit
913 659 1019 712 nutem
1035 644 1174 735 Angelus
1189 644 1257 711 Dc-

121 732 229 797 Deut.
258 754 308 796 ro.
329 754 360 796 s.
380 733 428 798 Et
449 732 600 818 deinceps
617 752 677 816 per
717 734 795 798 mini
807 732 967 804 abraham
975 733 1257 802 secundbdecmio

119 843 241 887 ornnes
252 842 355 885 sacre
367 818 671 907 Scriptumiibros.
718 821 828 926 dicens
853 847 861 889 :
885 825 945 889 Per
963 827 1186 913 memetipsum
1203 823 1256 909 ju-

121 974 244 1061 vem
260 971 631 1077 mmeramme
644 989 676 1039 σε
716 911 896 1068 {id’di'i
909 912 1254 1091 ittttztttiti

215 1084 396 1149 mmmm
406 1078 582 1129 mmmm·
716 1088 786 1153 cisti
802 1087 867 1154 filio
880 1102 934 1155 tuo
948 1091 1110 1179 unigenito
1126 1101 1255 1178 proptor

227 1198 350 1267 videet
364 1199 448 1267 pm
457 1224 566 1292 mm·
716 1200 768 1241 mc
785 1200 793 1241 ε
811 1176 999 1245 benedicam
1017 1179 1138 1255 tibi,ct
1153 1177 1255 1243 multi-

714 1263 1256 1353 plicebosementuumsicutstellas

170 1356 258 1425 Abel
278 1382 406 1448 quoque
423 1359 539 1425 obtulit
557 1360 597 1427 de
610 1360 675 1449 pri·
717 1353 790 1419 coeli
801 1405 810 1430 ,
822 1366 855 1419 et
866 1353 952 1419 velut
965 1378 1097 1420 arenam
1108 1404 1117 1428 ‚
1130 1376 1198 1441 quae
1210 1367 1257 1419 est

119 1448 300 1536 mogcnitis
314 1450 417 1537 gregis
429 1449 497 1519 sui.
514 1460 546 1513 et
559 1449 599 1512 de
609 1448 675 1513 adi·
716 1442 751 1507 iu
781 1440 898 1507 littore.
914 1444 1011 1507 maris
1042 1466 1050 1506 :
1085 1441 1257 1529 possidebit

119 1536 226 1625 pibus
245 1559 357 1601 eorum
380 1548 439 1601 :et
460 1559 511 1599 res
534 1537 598 1599 exit
613 1536 677 1601 Do-
718 1553 829 1595 semen
839 1542 929 1593 tuum
941 1542 1049 1618 portas
1061 1528 1260 1594 inimicorum

119 1625 240 1689 minus
258 1622 300 1688 nd
316 1620 418 1699 Abel,
436 1634 469 1687 et
487 1559 533 1687 ad
544 1645 676 1687 munero
720 1640 863 1683 suorum.
898 1618 939 1682 Et
967 1616 1200 1684 benedicentur
1226 1618 1259 1682 in

121 1713 217 1800 ejus.
236 1712 318 1776 Gen.
334 1713 366 1788 4.
382 1712 414 1787 4.
431 1710 544 1777 Nonne
558 1711 679 1775 sibene
721 1706 843 1771 semine
854 1719 909 1771 tuo
917 1730 1026 1772 omnes
1038 1716 1149 1795 gentes
1156 1716 1258 1782 terrae,

121 1799 239 1887 egeris
266 1798 416 1885 (Cain),
447 1798 580 1900 recipies
604 1821 612 1863 r
632 1799 679 1863 sin
722 1794 797 1884 quia
820 1794 953 1861 obedisti
973 1796 1044 1861 voci
1061 1816 1151 1859 mcae.
1169 1793 1257 1859 Ibid.

125 1898 248 1953 autem
266 1883 369 1961 male,
385 1884 491 1951 statim
509 1886 678 1952 inionibus
723 1907 774 1949 su.
789 1886 836 1949 15.
846 1901 943 1969 etseq.
955 1884 987 1947 V
988 1884 1040 1963 ido
1049 1882 1157 1949 Eoos.
1171 1906 1255 1949 neo.

125 1985 306 2063 peccatum
331 1974 467 2062 (tuum)
490 1974 618 2040 aderit?
640 1986 673 2041 d.
764 1974 803 2037 Et
818 1970 1036 2061 multiplicabo
1044 1982 1153 2038 semen
1166 1983 1257 2037 tuum

125 2086 163 2149 7.
188 2061 275 2126 Vide
289 2061 393 2127 Hebr.
420 2085 468 2126 ιι.
486 2066 518 2142 4.
716 2060 798 2127 sicut
810 2060 914 2127 stellas
926 2060 996 2127 coeli
1010 2060 1178 2149 :daboque
1188 2084 1257 2149 pos-

175 2147 362 2216 Ambulavit
385 2173 459 2216 cum
484 2152 553 2217 Deo
581 2152 674 2238 (Ilo-
716 2150 793 2215 teris
827 2151 887 2215 tuis
917 2151 1078 2216 universas
1111 2150 1255 2239 regiones

124 2238 260 2325 mot),
277 2238 311 2304 et'
326 2262 391 2305 non
406 2241 552 2392 apparuit
572 2264 582 2306 t
599 2240 674 2329 quin
716 2238 793 2304 bas:
810 2237 1121 2305 etbenedicenturin
1133 2238 1255 2304 semine

126 2325 207 2394 tulit
224 2351 299 2392 eum
322 2326 417 2394 Deus.
466 2327 533 2395 tid.
559 2331 589 2395 5.
617 2332 669 2410 ad.
717 2340 772 2393 tuo
790 2351 900 2395 omnes
918 2341 1028 2418 gentes
1041 2342 1144 2394 terrae·
1161 2325 1252 2394 Ibid.

127 2417 160 2480 V
161 2417 331 2482 idsEccii.
342 2419 396 2496 44.
411 2418 460 2481 16.
470 2416 593 2482 Hebro
606 2419 670 2484 1.5.
718 2417 769 2482 26.
788 2419 820 2496 4.
838 2419 923 2482 Vide
936 2441 963 2483 c.
984 2439 1033 2482 aa.
1055 2439 1084 2480 n.
1102 2417 1132 2480 ὅ.

173 2504 248 2570 Not
279 2509 353 2570 verb
390 2505 510 2570 invenit
539 2507 674 2593 gratiam
763 2505 858 2586 Qubd
873 2507 896 2571 si
911 2504 1048 2570 audieris
1062 2502 1257 2588 voccmejus

128 2616 244 2659 coram
260 2592 407 2659 Domino.
422 2593 479 2658 11ae
494 2607 568 2661 sunt
582 2617 675 2683 gene·
721 2595 804 2681 (An
826 2595 915 2678 oli),
950 2603 982 2657 ct
1009 2591 1123 2656 feceris
1149 2589 1255 2654 omnia

127 2683 273 2746 rationes
300 2681 367 2748 Noe
391 2705 400 2746 τ
425 2681 491 2748 Noe·
508 2683 557 2748 vir
571 2683 675 2771 justus
717 2707 787 2770 quae
804 2619 946 2766 doquor:
969 2679 1115 2744 inimicus
1132 2701 1187 2742 ero
1202 2677 1259 2742 ini-

130 2782 230 2859 atque
246 2770 407 2857 perfectus
421 2770 480 2835 fuit
495 2772 528 2836 in
545 2795 675 2858 genera·
718 2771 809 2836 micis
816 2770 937 2844 tuis,ct
945 2765 1258 2854 affligamsiiligentes

130 2858 276 2924 tionibus
291 2858 376 2934 suis,
394 2881 468 2924 cum
481 2860 550 2924 Deo
566 2860 676 2924 ambu-
718 2872 770 2934 te,
794 2871 855 2924 etc.
878 2856 988 2922 Exod.
1021 2855 1072 2918 sd.
1096 2877 1146 2919 su.
1173 2853 1259 2919 Vide

132 2945 219 3012 lavit.
230 2945 253 3010 I
256 2945 322 3010 bid.
334 2947 364 3012 6.
377 2947 454 3034 8.,9.
472 2947 557 3012 Vide
566 2948 671 3014 Eccii.
718 2947 815 3014 Deus.
837 2955 871 3033 '7.
895 2969 944 3011 η.
966 2958 997 3009 et
1010 2965 1074 3030 sep.

131 3037 182 3114 44.
211 3059 222 3098 r
253 3080 262 3099 .
765 3033 869 3100 Nolite
894 3033 1111 3100 contaminare
1136 3031 1257 3098 animas

174 3059 360 3191 AEddcarit
374 3135 481 3188 autem
494 3123 562 3190 Noe
576 3122 676 3190 altare
719 3133 855 3200 vestras,
872 3145 931 3188 nec
940 3121 1073 3210 tangatis
1084 3119 1257 3212 quidquam

133 3211 274 3277 Domino
292 3234 301 3275 s
318 3223 350 3276 et
366 3209 478 3277 tollens
494 3211 534 3278 de
550 3212 676 3278 cunctis
719 3233 851 3288 eorum,
868 3233 908 3276 ne
926 3208 1082 3276 immundi
1099 3210 1174 3275 sitis.
1190 3209 1257 3297 Ego

136 3298 326 3384 pecoribus,
342 3311 373 3364 et
384 3297 564 3366 volucribus
580 3323 677 3365 mun·
719 3300 1253 3364 enimsumDominusDeusvester.

140 3385 209 3463 dis,
232 3385 349 3452 obtulit
369 3385 554 3453 holocausta
580 3411 616 3452 su
660 3412 677 3451 r
720 3388 830 3454 Sancti
845 3399 957 3461 estote,
974 3387 1047 3474 quia
1061 3397 1257 3474 egosanctus

144 3471 246 3538 altore.
277 3473 501 3563 odoratusque
531 3487 581 3540 est
609 3411 676 3541 dd-
720 3499 802 3541 sum.
830 3473 877 3542 Ne
895 3473 1041 3562 polluatis
1061 3473 1181 3540 animes
1202 3497 1257 3540 ve-

145 3561 244 3626 minus
271 3561 403 3628 odorem
433 3564 615 3639 suavitatis,
643 3574 676 3628 et
719 3575 801 3629 strae
817 3563 850 3628 iu
866 3563 951 3628 omni
966 3560 1069 3651 reptili
1087 3561 1173 3650 quod
1193 3585 1258 3626 mo

146 3647 216 3713 ait:
240 3671 439 3740 nequaquam
465 3651 546 3716 ultra
575 3651 672 3717 male·
719 3663 812 3719 vetur
829 3675 924 3740 super
940 3663 1067 3734 terram.
1089 3653 1114 3714 E
1136 3675 1156 3716 o
1172 3649 1258 3714 enim

145 3733 243 3803 dicam
258 3751 351 3804 terre
361 3750 492 3829 propter
506 3739 672 3804 homines:
719 3741 991 3816 sumDominus,
1012 3739 1066 3828 qui
1086 3675 1178 3803 eduxi
1202 3757 1258 3800 vos

141 3827 340 3892 sensusenim
348 3839 379 3892 et
387 3829 535 3917 cogitatio
543 3827 674 3893 humani
720 3829 760 3894 de
770 3828 902 3895 terraAE
924 3821 1255 3917 ypti‚utessemvubis

140 3915 242 3980 cordis
253 3917 286 3980 in
302 3915 422 3981 malum
434 3939 532 4005 prona
544 3928 618 3982 sunt
634 3918 674 3981 ab
718 3919 751 3982 in
763 3917 878 3984 Deum.
964 3911 1253 3994 it.11.45·0‘⁸⁶t·

141 4001 351 4069 adolescentid
378 4009 433 4070 sui
458 4027 467 4070 e
489 4027 554 4070 non
579 4005 675 4094 igitur
719 3995 1259 4091 EtsiodeinccpspertotumSct-s'p-

141 4087 219 4169 ultre
249 4093 428 4181 percutiam
454 4115 583 4161 omnem
606 4094 675 4160 ani·
721 4106 841 4157 turum.
