2967 4675
382 378 459 445 Pas
958 374 1045 449 PAS
1216 388 1269 451 ι8ι

143 489 210 555 rius
225 490 373 566 'autem,
406 504 438 555 et
465 492 520 578 qui
550 514 615 556 non
641 502 688 557 est
730 489 947 559 Christianum
967 496 1047 561 lieri.
1075 498 1114 559 Et
1130 496 1270 562 Paulus=

143 591 272 665 pastor,
300 579 394 667 cujus
425 603 488 644 nou
512 592 585 645 sunt
615 602 688 645 oves
730 582 817 670 Opto
828 582 1272 670 apudDeum,etiamodioo,

142 669 300 756 propriae,
323 668 408 733 videt
429 668 539 756 lupum
558 668 687 734 venien·
729 683 762 735 et
780 672 812 735 in
832 688 969 761 magno,
993 694 1056 736 non
1076 680 1200 737 tantum
1220 687 1271 749 te,

142 768 227 833 tem,
242 769 276 820 et
292 755 422 821 dimittit
436 779 531 831 oves,
547 769 580 821 et
594 757 685 845 sugit:
729 758 786 825 sed
801 760 897 825 etiam
912 785 1041 837 omues,
1058 762 1111 848 qui
1126 761 1272 839 audiunt,

142 856 174 909 et
205 845 300 934 iupus
331 844 443 933 rapit,
474 858 507 910 et
537 846 688 935 dispergit
729 842 825 915 hodia!
847 848 914 914 [ieri
936 849 1033 927 tales,
1073 850 1151 915 ualis
1166 864 1199 915 et
1214 874 1273 939 ogo

140 956 240 1011 oves,
268 946 331 999 eto.
354 934 453 998 loon.
483 958 532 1000 10.
560 958 608 999 ιι.
629 958 689 1021 per
730 874 1268 1028 sum,exoeptisviaouiisbis.Ibid.

140 1038 301 1088 wtumca
325 1037 370 1087 ut.
700 1037 702 1042 '
732 1028 784 1092 26.
807 1028 858 1093 ι8.

185 1111 270 1177 Ante
310 1113 372 1177 ‘em
395 1112 510 1178 festum
529 1111 685 1188 Pascha,
775 1114 934 1204 Optabam
954 1116 1039 1179 onim
1052 1118 1188 1205 egoipso
1201 1138 1273 1183 ana·

142 1200 246 1267 sciens
269 1199 382 1277 Jesus,
406 1202 480 1291 quia
507 1202 593 1267 venit
607 1200 687 1265 hora
729 1203 838 1269 thema
850 1210 946 1269 essob
964 1202 1092 1268 Christo
1103 1227 1161 1290 pro
1170 1206 1273 1271 iratri-

140 1292 232 1377 ejus,
250 1302 285 1355 ut
293 1302 433 1356 transeat
441 1313 481 1354 ex
493 1290 555 1355 hoc
565 1290 687 1355 maudo
728 1293 790 1357 bns
805 1293 902 1368 meis,
919 1293 973 1379 qui
989 1303 1063 1355 sunt
1075 1293 1201 1379 cognati
1211 1295 1273 1357 mei

139 1378 420 1446 adPatremzebm
429 1378 589 1445 dilexisset
599 1403 685 1454 suos,
729 1379 908 1446 secundum
924 1400 1067 1444 carnem.
1086 1378 1178 1444 Rern.
1195 1404 1225 1463 q.
1242 1380 1272 1443 5.

162 1469 307 1534 uierant
329 1467 520 1542 inmundo,
541 1466 689 1533 tannem
789 1467 853 1547 Qui
888 1466 1074 1532 exhortatur
1099 1466 1132 1531 in
1161 1451 1276 1531 exbor-

163 1556 250 1622 ‘ierit
268 1580 349 1631 eos,
371 1568 434 1621 oto.
456 1554 548 1619 [tid
580 1555 628 1618 ιδ.
659 1577 685 1620 ι.
731 1556 984 1640 tando(donum
994 1550 1278 1619 babstaeoundiim

138 1668 199 1731 per
215 1662 321 1710 totum
332 1659 442 1747 eaput.
730 1645 920 1735 gratiam),
944 1642 996 1730 qui
1017 1642 1128 1706 tribuit
1149 1644 1180 1707 in
1200 1643 1277 1708 sim-

185 1734 253 1820 Ego
272 1756 333 1820 pro
352 1754 399 1796 ers
421 1754 500 1819 rogo
520 1756 528 1788 ι
551 1754 616 1795 ιιοιι
632 1754 690 1819 pro
731 1732 891 1821 plicitate,
907 1732 961 1820 qui
981 1743 1095 1820 praeest
1109 1731 1140 1793 in
1158 1730 1276 1798 sollici-

140 1821 267 1885 mundo
282 1842 378 1923 rogo,
390 1821 448 1885 sed
458 1844 518 1907 pro
530 1819 599 1895 his,
611 1842 690 1908 quos
731 1821 863 1897 tudine,
886 1821 939 1909 qni
962 1818 1177 1896 miser-sturia
1198 1819 1274 1887 bila-

142 1907 261 1972 dedisti
290 1907 369 1973 mihi
395 1932 404 1973 e
429 1909 503 1997 quia
528 1908 575 1972 tui
601 1921 684 1973 sunt.
730 1911 834 1975 ritate.
857 1909 944 1976 ibid.
967 1932 1015 1975 ra.
1041 1912 1072 1975 8.

139 1995 235 2061 Ιὸἰά.
260 2020 272 2061 ι
302 2045 310 2062 .
333 2020 364 2085 9.
390 1999 430 2061 Et
451 1998 517 2087 jbm
536 2020 602 2062 uon
617 2020 687 2061 sum
774 2000 814 2063 Et
841 2021 917 2087 ego,
941 2000 1078 2075 fratres,
1099 2022 1163 2063 non
1184 2000 1272 2087 potui

138 2086 174 2151 in
191 2022 333 2159 mundo,
349 2086 420 2151 etbi
428 2085 590 2151 inmundo
598 2097 684 2160 sunt,
728 2088 818 2153 vobis
832 2084 917 2191 loqui
933 2090 1020 2175 quasi
1033 2086 1271 2177 spiritualibus,

137 2186 172 2239 et
183 2172 292 2263 egoad
305 2186 337 2239 te
344 2175 449 2241 renio.
460 2174 684 2248 Petersonoto,
727 2176 784 2240 sed
796 2198 884 2263 quau
895 2176 1088 2243 carnalibus.
1104 2178 1272 2269 Tanquam

138 2286 229 2329 serva
247 2286 303 2329 eos
317 2263 351 2329 in
366 2265 497 2329 nomine
510 2277 586 2340 tuo,
604 2286 685 2352 quos
725 2262 864 2356 parvulis
885 2266 918 2331 in
940 2264 1090 2344 Christo,
1110 2266 1160 2334 loc
1181 2267 1271 2333 vobis

137 2351 253 2419 dedisti
268 2353 360 2429 mihi,
378 2356 590 2419 utsintunum
602 2353 685 2419 sicut
726 2369 838 2445 potum
859 2355 953 2432 dodi,
975 2381 1040 2422 non
1059 2379 1183 2432 escam,
1204 2369 1266 2422 etc.

137 2442 564 2509 etnos.o.11.Videeto.
589 2464 638 2506 ιι.
732 2468 758 2509 ι.
780 2443 857 2510 Cor.
877 2445 908 2510 5.
931 2469 958 2510 ι.
978 2467 1008 2510 ι.
1278 2459 1280 2466 ·

185 2529 361 2620 Respondit
372 2529 485 2596 Jesas:
499 2531 571 2596 Dixi
580 2530 683 2607 vobis,
773 2533 900 2600 stauos
919 2533 1076 2598 existimet
1098 2530 1214 2604 homo,
1236 2544 1271 2596 ut

138 2619 213 2708 qnia
243 2642 303 2708 ogo
334 2641 440 2684 sum:
475 2619 501 2684 si
531 2624 608 2708 ergb
633 2641 686 2684 mo
726 2622 889 2688 ministros
907 2619 1044 2694 Christi,
1061 2617 1270 2768 otdippeusa-

137 2707 293 2796 quarritis,
306 2706 466 2774 sinitebos
478 2709 576 2773 abire.
592 2705 682 2773 Ibid.
728 2705 1121 2796 toresmysteriorumDei.
1168 2705 1196 2770 ic
1206 2706 1271 2792 jam

142 2800 191 2863 18.
211 2799 245 2862 8.
728 2797 881 2886 quaeritur
905 2795 989 2860 inter
1014 2791 1270 2880 dispensatores,

181 2885 249 2973 Nos
271 2892 347 2951 verb
369 2884 506 2950 orationi
523 2897 555 2950 et
576 2885 687 2950 minis-
728 2899 764 2953 ut
778 2884 882 2950 fidelia
898 2884 968 2972 quis
979 2882 1170 2957 inveniatur,
1180 2879 1269 2948 [bid.

137 2976 217 3041 torio
247 2975 337 3040 verbi
365 2975 520 3040 instantes
553 2974 683 3040 erimus.
728 2979 761 3054 4.
782 2998 807 3040 ι.
825 2999 854 3040 u.
872 2973 942 3038 Non
954 2983 987 3036 ut
998 2970 1193 3038 confundam
1205 2995 1271 3050 vos,

137 3066 252 3131 Actor.
271 3065 304 3129 6.
322 3065 355 3143 d.
730 3065 798 3130 baeo
821 3062 950 3138 scribo,
965 3061 1021 3127 sed
1037 3073 1071 3126 ut
1086 3061 1166 3126 filios
1183 3085 1272 3128 meos

181 3153 349 3220 Attendite
364 3153 472 3228 vobis,
489 3166 522 3218 et
538 3154 687 3218 universo
729 3151 908 3219 carissimos
918 3175 1044 3218 moneo.
1063 3175 1096 3216 o.
1118 3155 1167 3230 rb.

139 3243 223 3332 gregi
233 3242 286 3318 ,in
295 3264 359 3330 quo
370 3263 426 3307 vos
438 3241 576 3331 Spiritus
588 3242 688 3307 Sanc·
774 3241 876 3308 Statui
886 3253 993 3306 autem
1003 3239 1065 3306 hoo
1076 3240 1179 3330 ipsum
1188 3239 1273 3328 apud

141 3342 190 3396 tus
214 3332 324 3418 posuit
352 3331 553 3435 Episcopos,
577 3351 688 3418 regere
728 3331 1047 3408 me,neitori1min
1070 3329 1194 3395 tristitia
1219 3353 1273 3394 ve-

145 3417 320 3486 tectorium
332 3417 688 3507 Der,quamacquioirit
728 3422 831 3486 nir-ern
845 3419 961 3484 advos.
977 3418 1012 3484 Si
1024 3419 1109 3484 enim
1124 3441 1185 3507 ego
1200 3442 1275 3486 eon-

145 3509 291 3596 sanguiue
318 3531 399 3584 suo,
424 3519 486 3574 ote.
517 3505 606 3572 Ibid.
633 3531 686 3572 so,
729 3509 820 3576 tristo
840 3531 920 3574 vos:
939 3521 971 3573 ot
991 3508 1061 3594 quis
1077 3518 1124 3571 ost
1150 3509 1203 3594 qui
1223 3527 1276 3572 mo

146 3599 194 3661 ι8.
208 3595 346 3684 Propter
358 3595 445 3684 quod
458 3595 585 3684 vigitate
597 3645 607 3672 ,
620 3618 685 3660 me
728 3597 866 3664 latificet
878 3648 887 3672 ,
897 3597 956 3664 nisi
967 3597 1020 3685 qui
1029 3595 1277 3664 contristaturex

141 3685 239 3752 morib
255 3685 447 3751 retinentese
466 3685 619 3774 quonibm
631 3707 689 3773 per
729 3685 1275 3774 moietc.a.Cor.a.napea-totum.

142 3773 414 3840 trienniumnoote
429 3774 600 3840 etdieuon
616 3797 689 3841 oea·
776 3777 816 3842 Et
840 3775 947 3866 posuit
973 3775 1099 3862 (Deus)
1129 3771 1160 3837 in
1186 3769 1278 3834 nobis

142 3865 226 3941 sari,
266 3887 342 3931 cum
369 3863 520 3937 lacrimis
553 3887 689 3930 monens
729 3867 862 3932 verbum
893 3861 1173 3930 reconciliationis.
1216 3855 1278 3918 Pro

144 3976 404 4058 unumquemque
420 3939 613 4020 vestr-dmm.
631 3955 684 4018 51.
730 3955 858 4020 Christo
883 3958 961 4042 ergo
987 3949 1146 4046 legatione
1172 3941 1279 4028 iungi-

184 4043 322 4196 ttpgnppa
338 4053 446 4108 autem
467 4042 626 4130 (dicebat)
646 4041 695 4107 ad·
728 4065 822 4117 mur,
838 4047 990 4128 tanquam
1004 4039 1072 4104 Deo
1088 4033 1280 4134 exhortante

144 4127 204 4196 Pau
217 4155 292 4198 um:
312 4133 350 4198 ln
364 4131 493 4198 modico
510 4132 625 4198 suades
634 4152 695 4197 me·
717 4153 787 4218 ‚per
799 4153 867 4196 nos.
881 4122 1161 4210 obsocramusprd
1171 4117 1282 4184 Chris
