<?xml version="1.0" encoding="UTF-8"?>
<!DOCTYPE html PUBLIC "-//W3C//DTD XHTML 1.0 Transitional//EN"
    "http://www.w3.org/TR/xhtml1/DTD/xhtml1-transitional.dtd">
<html xmlns="http://www.w3.org/1999/xhtml" xml:lang="en" lang="en">
 <head>
  <title>
</title>
<meta http-equiv="Content-Type" content="text/html;charset=utf-8" />
  <meta name='ocr-system' content='tesseract 3.04.00' />
  <meta name='ocr-capabilities' content='ocr_page ocr_carea ocr_par ocr_line ocrx_word'/>
</head>
<body>
  <div class='ocr_page' id='page_1' title='image "./thesaurusbiblic01merzgoog_0336.png"; bbox 0 0 2967 4675; ppageno 0'>
   <div class='ocr_carea' id='block_1_1' title="bbox 241 291 1136 366">
    <p class='ocr_par' dir='ltr' id='par_1_1' title="bbox 241 291 1136 366">
     <span class='ocr_line' id='line_1_1' title="bbox 241 291 1136 366; baseline -0.006 -3"><span class='ocrx_word' id='word_1_1' title='bbox 241 297 303 366; x_wconf 70' lang='lat' dir='ltr'><strong>dia</strong></span> <span class='ocrx_word' id='word_1_2' title='bbox 483 295 566 361; x_wconf 85' lang='lat' dir='ltr'><strong>REG</strong></span> <span class='ocrx_word' id='word_1_3' title='bbox 1053 291 1136 363; x_wconf 76' lang='lat' dir='ltr'><strong>Rue</strong></span> 
     </span>
    </p>
   </div>
   <div class='ocr_carea' id='block_1_2' title="bbox 236 407 1439 1388">
    <p class='ocr_par' dir='ltr' id='par_1_2' title="bbox 243 407 1363 588">
     <span class='ocr_line' id='line_1_2' title="bbox 243 407 1363 498; baseline -0.004 -20"><span class='ocrx_word' id='word_1_4' title='bbox 243 413 419 486; x_wconf 79' lang='lat' dir='ltr'><strong>honorem,</strong></span> <span class='ocrx_word' id='word_1_5' title='bbox 438 423 470 474; x_wconf 90' lang='lat' dir='ltr'><strong>et</strong></span> <span class='ocrx_word' id='word_1_6' title='bbox 485 431 620 498; x_wconf 83' lang='lat' dir='ltr'><strong>regnum</strong></span> <span class='ocrx_word' id='word_1_7' title='bbox 638 433 646 473; x_wconf 77' lang='grc' dir='ltr'><em>τ</em></span> <span class='ocrx_word' id='word_1_8' title='bbox 665 421 697 474; x_wconf 89' lang='lat' dir='ltr'><strong>et</strong></span> <span class='ocrx_word' id='word_1_9' title='bbox 712 433 785 474; x_wconf 90' lang='lat' dir='ltr'><strong>om·</strong></span> <span class='ocrx_word' id='word_1_10' title='bbox 831 430 885 472; x_wconf 74' lang='grc' dir='ltr'><strong>ιι.</strong></span> <span class='ocrx_word' id='word_1_11' title='bbox 902 407 955 472; x_wconf 76' lang='lat'><strong>31.</strong></span> <span class='ocrx_word' id='word_1_12' title='bbox 979 409 1030 474; x_wconf 71' lang='grc' dir='ltr'><strong>δι.</strong></span> <span class='ocrx_word' id='word_1_13' title='bbox 1044 407 1133 472; x_wconf 77' lang='lat' dir='ltr'><strong>Vide</strong></span> <span class='ocrx_word' id='word_1_14' title='bbox 1146 424 1178 473; x_wconf 83' lang='lat' dir='ltr'><strong>et</strong></span> <span class='ocrx_word' id='word_1_15' title='bbox 1192 434 1219 474; x_wconf 83' lang='lat' dir='ltr'><strong>c.</strong></span> <span class='ocrx_word' id='word_1_16' title='bbox 1240 432 1292 473; x_wconf 74' lang='lat' dir='ltr'><strong>aa..</strong></span> <span class='ocrx_word' id='word_1_17' title='bbox 1308 433 1363 497; x_wconf 76' lang='lat'><strong>²9·</strong></span> 
     </span>
     <span class='ocr_line' id='line_1_3' title="bbox 243 495 1173 588; baseline -0.005 -22"><span class='ocrx_word' id='word_1_18' title='bbox 243 524 299 566; x_wconf 85' lang='lat' dir='ltr'><strong>nes</strong></span> <span class='ocrx_word' id='word_1_19' title='bbox 320 495 450 588; x_wconf 90' lang='lat' dir='ltr'><strong>populi,</strong></span> <span class='ocrx_word' id='word_1_20' title='bbox 473 497 594 575; x_wconf 83' lang='lat' dir='ltr'><strong>tribus,</strong></span> <span class='ocrx_word' id='word_1_21' title='bbox 615 510 649 564; x_wconf 89' lang='lat' dir='ltr'><strong>et</strong></span> <span class='ocrx_word' id='word_1_22' title='bbox 669 499 784 585; x_wconf 82' lang='lat' dir='ltr'><strong>linguae</strong></span> <span class='ocrx_word' id='word_1_23' title='bbox 826 495 915 562; x_wconf 77' lang='lat' dir='ltr'><strong>Item</strong></span> <span class='ocrx_word' id='word_1_24' title='bbox 929 496 1049 564; x_wconf 66' lang='lat' dir='ltr'><strong>Mattio.</strong></span> <span class='ocrx_word' id='word_1_25' title='bbox 1067 498 1099 561; x_wconf 98' lang='grc'><strong>6.</strong></span> <span class='ocrx_word' id='word_1_26' title='bbox 1119 498 1173 562; x_wconf 76' lang='lat'><strong>55.</strong></span> 
     </span>
    </p>

    <p class='ocr_par' dir='ltr' id='par_1_3' title="bbox 236 583 1439 1388">
     <span class='ocr_line' id='line_1_4' title="bbox 241 583 1370 676; baseline -0.002 -23"><span class='ocrx_word' id='word_1_27' title='bbox 241 589 300 676; x_wconf 81' lang='lat' dir='ltr'><strong>ipsi</strong></span> <span class='ocrx_word' id='word_1_28' title='bbox 329 589 498 653; x_wconf 82' lang='lat' dir='ltr'><strong>servient:</strong></span> <span class='ocrx_word' id='word_1_29' title='bbox 522 598 660 676; x_wconf 82' lang='lat' dir='ltr'><strong>potestas</strong></span> <span class='ocrx_word' id='word_1_30' title='bbox 690 585 790 676; x_wconf 65' lang='lat' dir='ltr'><strong>ejus,</strong></span> <span class='ocrx_word' id='word_1_31' title='bbox 869 583 1049 651; x_wconf 74' lang='lat' dir='ltr'><strong>Ecceenim</strong></span> <span class='ocrx_word' id='word_1_32' title='bbox 1064 609 1198 674; x_wconf 85' lang='lat' dir='ltr'><strong>regnum</strong></span> <span class='ocrx_word' id='word_1_33' title='bbox 1210 586 1268 652; x_wconf 87' lang='lat' dir='ltr'><strong>Dei</strong></span> <span class='ocrx_word' id='word_1_34' title='bbox 1283 587 1370 651; x_wconf 84' lang='lat' dir='ltr'><strong>intra</strong></span> 
     </span>
     <span class='ocr_line' id='line_1_5' title="bbox 241 673 1439 765; baseline -0.001 -25"><span class='ocrx_word' id='word_1_35' title='bbox 241 687 381 765; x_wconf 86' lang='lat' dir='ltr'><strong>potestas</strong></span> <span class='ocrx_word' id='word_1_36' title='bbox 395 689 533 753; x_wconf 85' lang='lat' dir='ltr'><strong>aeterna,</strong></span> <span class='ocrx_word' id='word_1_37' title='bbox 557 700 627 765; x_wconf 82' lang='lat' dir='ltr'><strong>quae</strong></span> <span class='ocrx_word' id='word_1_38' title='bbox 643 699 708 741; x_wconf 90' lang='lat' dir='ltr'><strong>non</strong></span> <span class='ocrx_word' id='word_1_39' title='bbox 724 699 784 741; x_wconf 89' lang='lat' dir='ltr'><strong>an·</strong></span> <span class='ocrx_word' id='word_1_40' title='bbox 825 698 880 740; x_wconf 86' lang='lat' dir='ltr'><strong>vos</strong></span> <span class='ocrx_word' id='word_1_41' title='bbox 901 683 960 740; x_wconf 86' lang='lat' dir='ltr'><strong>est.</strong></span> <span class='ocrx_word' id='word_1_42' title='bbox 991 673 1080 739; x_wconf 82' lang='lat' dir='ltr'><strong>lbid.</strong></span> <span class='ocrx_word' id='word_1_43' title='bbox 1115 699 1164 762; x_wconf 85' lang='lat'><strong>¹7·</strong></span> <span class='ocrx_word' id='word_1_44' title='bbox 1197 699 1249 740; x_wconf 70' lang='grc' dir='ltr'><strong>ιι.</strong></span> <span class='ocrx_word' id='word_1_45' title='bbox 1281 675 1372 739; x_wconf 77' lang='lat' dir='ltr'><strong>Vide</strong></span> <span class='ocrx_word' id='word_1_46' title='bbox 1438 696 1439 707; x_wconf 59' lang='lat'>¹</span> 
     </span>
     <span class='ocr_line' id='line_1_6' title="bbox 240 762 1439 854; baseline -0.003 -24"><span class='ocrx_word' id='word_1_47' title='bbox 240 764 784 854; x_wconf 84' lang='lat' dir='ltr'><strong>leretur:etregnumejus,quod</strong></span> <span class='ocrx_word' id='word_1_48' title='bbox 824 762 976 828; x_wconf 64' lang='lat' dir='ltr'><strong>loono.</strong></span> <span class='ocrx_word' id='word_1_49' title='bbox 998 766 1047 828; x_wconf 83' lang='lat'><strong>15.</strong></span> <span class='ocrx_word' id='word_1_50' title='bbox 1438 816 1439 827; x_wconf 70' lang='grc'><strong>.</strong></span> 
     </span>
     <span class='ocr_line' id='line_1_7' title="bbox 238 851 1370 943; baseline -0.003 -23"><span class='ocrx_word' id='word_1_51' title='bbox 238 867 552 943; x_wconf 83' lang='lat' dir='ltr'><strong>noncorrumpetur.</strong></span> <span class='ocrx_word' id='word_1_52' title='bbox 567 853 657 920; x_wconf 77' lang='lat' dir='ltr'><strong>ibid.</strong></span> <span class='ocrx_word' id='word_1_53' title='bbox 679 879 708 940; x_wconf 90' lang='lat'><strong>7.</strong></span> <span class='ocrx_word' id='word_1_54' title='bbox 730 857 778 933; x_wconf 68' lang='lat'><strong>¹4·</strong></span> <span class='ocrx_word' id='word_1_55' title='bbox 867 851 1043 940; x_wconf 78' lang='lat' dir='ltr'><strong>Respondit</strong></span> <span class='ocrx_word' id='word_1_56' title='bbox 1063 851 1156 918; x_wconf 82' lang='lat' dir='ltr'><strong>lesus</strong></span> <span class='ocrx_word' id='word_1_57' title='bbox 1180 853 1340 940; x_wconf 80' lang='lat' dir='ltr'><strong>(Pilato)</strong></span> <span class='ocrx_word' id='word_1_58' title='bbox 1363 878 1370 917; x_wconf 91' lang='lat'><strong>:</strong></span> 
     </span>
     <span class='ocr_line' id='line_1_8' title="bbox 240 939 1373 1032; baseline -0.001 -24"><span class='ocrx_word' id='word_1_59' title='bbox 240 941 385 1032; x_wconf 75' lang='lat' dir='ltr'><strong>Regnum</strong></span> <span class='ocrx_word' id='word_1_60' title='bbox 424 956 530 1009; x_wconf 86' lang='lat' dir='ltr'><strong>autem</strong></span> <span class='ocrx_word' id='word_1_61' title='bbox 560 955 593 1008; x_wconf 81' lang='lat' dir='ltr'><strong>et</strong></span> <span class='ocrx_word' id='word_1_62' title='bbox 622 954 781 1031; x_wconf 81' lang='lat' dir='ltr'><strong>potestas,</strong></span> <span class='ocrx_word' id='word_1_63' title='bbox 823 939 970 1029; x_wconf 76' lang='lat' dir='ltr'><strong>Regnum</strong></span> <span class='ocrx_word' id='word_1_64' title='bbox 986 965 1095 1006; x_wconf 91' lang='lat' dir='ltr'><strong>meum</strong></span> <span class='ocrx_word' id='word_1_65' title='bbox 1111 954 1236 1007; x_wconf 88' lang='lat' dir='ltr'><strong>nonest</strong></span> <span class='ocrx_word' id='word_1_66' title='bbox 1251 941 1291 1006; x_wconf 93' lang='lat' dir='ltr'><strong>de</strong></span> <span class='ocrx_word' id='word_1_67' title='bbox 1305 941 1373 1007; x_wconf 86' lang='lat' dir='ltr'><strong>hoo</strong></span> 
     </span>
     <span class='ocr_line' id='line_1_9' title="bbox 239 1029 1373 1121; baseline 0 -25"><span class='ocrx_word' id='word_1_68' title='bbox 239 1043 271 1098; x_wconf 88' lang='lat' dir='ltr'><strong>et</strong></span> <span class='ocrx_word' id='word_1_69' title='bbox 293 1031 478 1120; x_wconf 80' lang='lat' dir='ltr'><strong>magnitudo</strong></span> <span class='ocrx_word' id='word_1_70' title='bbox 507 1032 616 1121; x_wconf 81' lang='lat' dir='ltr'><strong>regni,</strong></span> <span class='ocrx_word' id='word_1_71' title='bbox 641 1055 711 1119; x_wconf 85' lang='lat' dir='ltr'><strong>quae</strong></span> <span class='ocrx_word' id='word_1_72' title='bbox 734 1045 782 1097; x_wconf 88' lang='lat' dir='ltr'><strong>est</strong></span> <span class='ocrx_word' id='word_1_73' title='bbox 823 1029 943 1095; x_wconf 92' lang='lat' dir='ltr'><strong>mundo</strong></span> <span class='ocrx_word' id='word_1_74' title='bbox 952 1031 976 1096; x_wconf 82' lang='lat' dir='ltr'><strong>si</strong></span> <span class='ocrx_word' id='word_1_75' title='bbox 997 1053 1036 1095; x_wconf 90' lang='lat' dir='ltr'><strong>ex</strong></span> <span class='ocrx_word' id='word_1_76' title='bbox 1054 1029 1117 1096; x_wconf 90' lang='lat' dir='ltr'><strong>hoc</strong></span> <span class='ocrx_word' id='word_1_77' title='bbox 1136 1031 1258 1096; x_wconf 92' lang='lat' dir='ltr'><strong>mundo</strong></span> <span class='ocrx_word' id='word_1_78' title='bbox 1283 1043 1373 1096; x_wconf 83' lang='lat' dir='ltr'><strong>esset</strong></span> 
     </span>
     <span class='ocr_line' id='line_1_10' title="bbox 241 1119 1370 1226; baseline -0.002 -40"><span class='ocrx_word' id='word_1_79' title='bbox 241 1121 351 1186; x_wconf 86' lang='lat' dir='ltr'><strong>subter</strong></span> <span class='ocrx_word' id='word_1_80' title='bbox 362 1145 458 1187; x_wconf 87' lang='lat' dir='ltr'><strong>omne</strong></span> <span class='ocrx_word' id='word_1_81' title='bbox 471 1121 602 1196; x_wconf 88' lang='lat' dir='ltr'><strong>coelum,</strong></span> <span class='ocrx_word' id='word_1_82' title='bbox 619 1119 713 1186; x_wconf 88' lang='lat' dir='ltr'><strong>detur</strong></span> <span class='ocrx_word' id='word_1_83' title='bbox 728 1145 782 1226; x_wconf 82' lang='lat' dir='ltr'><strong>po</strong></span> <span class='ocrx_word' id='word_1_84' title='bbox 822 1141 956 1206; x_wconf 84' lang='lat' dir='ltr'><strong>regnum</strong></span> <span class='ocrx_word' id='word_1_85' title='bbox 981 1143 1114 1195; x_wconf 88' lang='lat' dir='ltr'><strong>meum,</strong></span> <span class='ocrx_word' id='word_1_86' title='bbox 1137 1119 1273 1185; x_wconf 85' lang='lat' dir='ltr'><strong>ministri</strong></span> <span class='ocrx_word' id='word_1_87' title='bbox 1304 1121 1370 1184; x_wconf 79' lang='lat' dir='ltr'><strong>mei</strong></span> 
     </span>
     <span class='ocr_line' id='line_1_11' title="bbox 238 1207 1370 1300; baseline -0.002 -24"><span class='ocrx_word' id='word_1_88' title='bbox 238 1209 314 1298; x_wconf 93' lang='lat' dir='ltr'><strong>pulo</strong></span> <span class='ocrx_word' id='word_1_89' title='bbox 324 1209 678 1276; x_wconf 77' lang='lat' dir='ltr'><strong>sanctorumdltissimi:</strong></span> <span class='ocrx_word' id='word_1_90' title='bbox 687 1233 781 1300; x_wconf 72' lang='lat' dir='ltr'><strong>eujus</strong></span> <span class='ocrx_word' id='word_1_91' title='bbox 821 1207 933 1294; x_wconf 82' lang='lat' dir='ltr'><strong>utique</strong></span> <span class='ocrx_word' id='word_1_92' title='bbox 940 1207 1161 1285; x_wconf 81' lang='lat' dir='ltr'><strong>decertarent,</strong></span> <span class='ocrx_word' id='word_1_93' title='bbox 1175 1221 1212 1273; x_wconf 88' lang='lat' dir='ltr'><strong>ut</strong></span> <span class='ocrx_word' id='word_1_94' title='bbox 1225 1232 1291 1273; x_wconf 92' lang='lat' dir='ltr'><strong>non</strong></span> <span class='ocrx_word' id='word_1_95' title='bbox 1303 1222 1370 1275; x_wconf 82' lang='lat' dir='ltr'><strong>tra-</strong></span> 
     </span>
     <span class='ocr_line' id='line_1_12' title="bbox 236 1295 1371 1388; baseline -0.003 -24"><span class='ocrx_word' id='word_1_96' title='bbox 236 1322 384 1388; x_wconf 78' lang='lat' dir='ltr'><strong>regnum‚</strong></span> <span class='ocrx_word' id='word_1_97' title='bbox 400 1323 535 1388; x_wconf 77' lang='lat' dir='ltr'><strong>reguum</strong></span> <span class='ocrx_word' id='word_1_98' title='bbox 549 1299 779 1388; x_wconf 86' lang='lat' dir='ltr'><strong>sempiternum</strong></span> <span class='ocrx_word' id='word_1_99' title='bbox 821 1295 914 1361; x_wconf 89' lang='lat' dir='ltr'><strong>derer</strong></span> <span class='ocrx_word' id='word_1_100' title='bbox 937 1297 1072 1363; x_wconf 75' lang='lat' dir='ltr'><strong>Judaeis:</strong></span> <span class='ocrx_word' id='word_1_101' title='bbox 1096 1321 1185 1364; x_wconf 87' lang='lat' dir='ltr'><strong>nnnc</strong></span> <span class='ocrx_word' id='word_1_102' title='bbox 1198 1310 1312 1363; x_wconf 88' lang='lat' dir='ltr'><strong>autem</strong></span> <span class='ocrx_word' id='word_1_103' title='bbox 1323 1323 1371 1362; x_wconf 78' lang='lat' dir='ltr'><strong>re-</strong></span> 
     </span>
    </p>
   </div>
   <div class='ocr_carea' id='block_1_3' title="bbox 148 1385 1439 4145">
    <p class='ocr_par' dir='ltr' id='par_1_4' title="bbox 237 1385 1371 1645">
     <span class='ocr_line' id='line_1_13' title="bbox 237 1385 1366 1537; baseline -0.001 -84"><span class='ocrx_word' id='word_1_104' title='bbox 237 1400 298 1464; x_wconf 81' lang='lat' dir='ltr'><strong>est,</strong></span> <span class='ocrx_word' id='word_1_105' title='bbox 308 1401 341 1453; x_wconf 87' lang='lat' dir='ltr'><strong>et</strong></span> <span class='ocrx_word' id='word_1_106' title='bbox 357 1412 466 1464; x_wconf 79' lang='lat' dir='ltr'><strong>omnes</strong></span> <span class='ocrx_word' id='word_1_107' title='bbox 478 1411 568 1478; x_wconf 80' lang='lat' dir='ltr'><strong>reges</strong></span> <span class='ocrx_word' id='word_1_108' title='bbox 579 1389 718 1454; x_wconf 83' lang='lat' dir='ltr'><strong>servient</strong></span> <span class='ocrx_word' id='word_1_109' title='bbox 729 1389 777 1466; x_wconf 85' lang='lat' dir='ltr'><strong>ei,</strong></span> <span class='ocrx_word' id='word_1_110' title='bbox 819 1408 919 1537; x_wconf 52' lang='lat' dir='ltr'><strong>§num</strong></span> <span class='ocrx_word' id='word_1_111' title='bbox 951 1409 1059 1451; x_wconf 90' lang='lat' dir='ltr'><strong>meum</strong></span> <span class='ocrx_word' id='word_1_112' title='bbox 1095 1399 1236 1451; x_wconf 84' lang='lat' dir='ltr'><strong>nonest</strong></span> <span class='ocrx_word' id='word_1_113' title='bbox 1275 1385 1366 1452; x_wconf 89' lang='lat' dir='ltr'><strong>hinc.</strong></span> 
     </span>
     <span class='ocr_line' id='line_1_14' title="bbox 237 1474 1346 1564; baseline 0 -22"><span class='ocrx_word' id='word_1_114' title='bbox 237 1489 270 1542; x_wconf 90' lang='lat' dir='ltr'><strong>et</strong></span> <span class='ocrx_word' id='word_1_115' title='bbox 285 1477 446 1544; x_wconf 87' lang='lat' dir='ltr'><strong>obedient.</strong></span> <span class='ocrx_word' id='word_1_116' title='bbox 464 1502 498 1544; x_wconf 85' lang='grc' dir='ltr'><strong>ο.</strong></span> <span class='ocrx_word' id='word_1_117' title='bbox 520 1501 571 1564; x_wconf 75' lang='lat'><strong>²7·</strong></span> <span class='ocrx_word' id='word_1_118' title='bbox 592 1476 679 1542; x_wconf 77' lang='lat' dir='ltr'><strong>Vide</strong></span> <span class='ocrx_word' id='word_1_119' title='bbox 692 1501 720 1542; x_wconf 84' lang='grc' dir='ltr'><strong>ο.</strong></span> <span class='ocrx_word' id='word_1_120' title='bbox 744 1477 774 1542; x_wconf 77' lang='lat'><strong>5.</strong></span> <span class='ocrx_word' id='word_1_121' title='bbox 844 1497 919 1538; x_wconf 79' lang='lat' dir='ltr'><strong>oen.</strong></span> <span class='ocrx_word' id='word_1_122' title='bbox 955 1477 1003 1540; x_wconf 77' lang='lat'><strong>18.</strong></span> <span class='ocrx_word' id='word_1_123' title='bbox 1019 1475 1072 1540; x_wconf 77' lang='grc'><strong>56.</strong></span> <span class='ocrx_word' id='word_1_124' title='bbox 1094 1474 1179 1540; x_wconf 79' lang='lat' dir='ltr'><strong>Vide</strong></span> <span class='ocrx_word' id='word_1_125' title='bbox 1194 1490 1268 1540; x_wconf 75' lang='lat' dir='ltr'><strong>eto.</strong></span> <span class='ocrx_word' id='word_1_126' title='bbox 1286 1477 1346 1562; x_wconf 74' lang='lat'><strong>37.</strong></span> 
     </span>
     <span class='ocr_line' id='line_1_15' title="bbox 239 1563 1371 1645; baseline 0 -15"><span class='ocrx_word' id='word_1_127' title='bbox 239 1588 309 1632; x_wconf 92' lang='grc' dir='ltr'><strong>ιοο.</strong></span> <span class='ocrx_word' id='word_1_128' title='bbox 330 1591 357 1631; x_wconf 83' lang='lat' dir='ltr'><strong>o.</strong></span> <span class='ocrx_word' id='word_1_129' title='bbox 377 1570 409 1645; x_wconf 77' lang='grc'><strong>4.</strong></span> <span class='ocrx_word' id='word_1_130' title='bbox 429 1567 482 1632; x_wconf 79' lang='lat'><strong>51.</strong></span> <span class='ocrx_word' id='word_1_131' title='bbox 501 1565 579 1632; x_wconf 76' lang='lat' dir='ltr'><strong>Luc.</strong></span> <span class='ocrx_word' id='word_1_132' title='bbox 604 1591 631 1631; x_wconf 87' lang='lat'><strong>1.</strong></span> <span class='ocrx_word' id='word_1_133' title='bbox 651 1565 704 1632; x_wconf 72' lang='lat' dir='ltr'><strong>da.</strong></span> <span class='ocrx_word' id='word_1_134' title='bbox 865 1563 937 1629; x_wconf 90' lang='lat' dir='ltr'><strong>Non</strong></span> <span class='ocrx_word' id='word_1_135' title='bbox 967 1565 1053 1630; x_wconf 88' lang='lat' dir='ltr'><strong>enim</strong></span> <span class='ocrx_word' id='word_1_136' title='bbox 1079 1564 1113 1628; x_wconf 94' lang='lat' dir='ltr'><strong>in</strong></span> <span class='ocrx_word' id='word_1_137' title='bbox 1142 1587 1290 1629; x_wconf 82' lang='lat' dir='ltr'><strong>sermone</strong></span> <span class='ocrx_word' id='word_1_138' title='bbox 1321 1579 1371 1630; x_wconf 78' lang='lat' dir='ltr'><strong>est</strong></span> 
     </span>
    </p>

    <p class='ocr_par' dir='ltr' id='par_1_5' title="bbox 230 1652 1439 2274">
     <span class='ocr_line' id='line_1_16' title="bbox 280 1652 1439 1740; baseline 0.001 -22"><span class='ocrx_word' id='word_1_139' title='bbox 280 1656 320 1719; x_wconf 89' lang='lat' dir='ltr'><strong>Et</strong></span> <span class='ocrx_word' id='word_1_140' title='bbox 331 1655 391 1720; x_wconf 89' lang='lat' dir='ltr'><strong>erit</strong></span> <span class='ocrx_word' id='word_1_141' title='bbox 406 1679 414 1720; x_wconf 79' lang='grc' dir='ltr'><strong>ι</strong></span> <span class='ocrx_word' id='word_1_142' title='bbox 429 1655 643 1723; x_wconf 86' lang='lat' dir='ltr'><strong>innovissimo</strong></span> <span class='ocrx_word' id='word_1_143' title='bbox 654 1654 776 1722; x_wconf 86' lang='lat' dir='ltr'><strong>diorum</strong></span> <span class='ocrx_word' id='word_1_144' title='bbox 819 1675 955 1740; x_wconf 81' lang='lat' dir='ltr'><strong>regnum</strong></span> <span class='ocrx_word' id='word_1_145' title='bbox 966 1652 1047 1730; x_wconf 87' lang='lat' dir='ltr'><strong>Dei,</strong></span> <span class='ocrx_word' id='word_1_146' title='bbox 1064 1653 1167 1718; x_wconf 85' lang='lat' dir='ltr'><strong>sedin</strong></span> <span class='ocrx_word' id='word_1_147' title='bbox 1182 1652 1313 1719; x_wconf 83' lang='lat' dir='ltr'><strong>virtute.</strong></span> <span class='ocrx_word' id='word_1_148' title='bbox 1336 1679 1365 1719; x_wconf 92' lang='grc' dir='ltr'><strong>ι.</strong></span> <span class='ocrx_word' id='word_1_149' title='bbox 1438 1676 1439 1733; x_wconf 63' lang='grc' dir='ltr'><strong>ι</strong></span> 
     </span>
     <span class='ocr_line' id='line_1_17' title="bbox 235 1740 1439 1830; baseline 0.002 -25"><span class='ocrx_word' id='word_1_150' title='bbox 235 1741 296 1806; x_wconf 88' lang='lat' dir='ltr'><strong>erit</strong></span> <span class='ocrx_word' id='word_1_151' title='bbox 310 1767 401 1808; x_wconf 87' lang='lat' dir='ltr'><strong>mons</strong></span> <span class='ocrx_word' id='word_1_152' title='bbox 420 1743 533 1808; x_wconf 88' lang='lat' dir='ltr'><strong>domus</strong></span> <span class='ocrx_word' id='word_1_153' title='bbox 549 1744 677 1808; x_wconf 87' lang='lat' dir='ltr'><strong>Domini</strong></span> <span class='ocrx_word' id='word_1_154' title='bbox 694 1765 778 1830; x_wconf 84' lang='lat' dir='ltr'><strong>prae-</strong></span> <span class='ocrx_word' id='word_1_155' title='bbox 821 1740 898 1808; x_wconf 81' lang='lat' dir='ltr'><strong>Cor.</strong></span> <span class='ocrx_word' id='word_1_156' title='bbox 917 1744 949 1820; x_wconf 74' lang='grc'><strong>4.</strong></span> <span class='ocrx_word' id='word_1_157' title='bbox 968 1765 1019 1807; x_wconf 80' lang='lat' dir='ltr'><strong>ao.</strong></span> <span class='ocrx_word' id='word_1_158' title='bbox 1107 1744 1110 1748; x_wconf 33' lang='lat'>⁸</span> <span class='ocrx_word' id='word_1_159' title='bbox 1438 1748 1439 1821; x_wconf 64' lang='grc' dir='ltr'>Ῐ</span> 
     </span>
     <span class='ocr_line' id='line_1_18' title="bbox 233 1829 1369 1918; baseline 0.003 -25"><span class='ocrx_word' id='word_1_160' title='bbox 233 1843 365 1916; x_wconf 86' lang='lat' dir='ltr'><strong>paratus</strong></span> <span class='ocrx_word' id='word_1_161' title='bbox 395 1831 428 1897; x_wconf 90' lang='lat' dir='ltr'><strong>in</strong></span> <span class='ocrx_word' id='word_1_162' title='bbox 455 1832 574 1897; x_wconf 85' lang='lat' dir='ltr'><strong>vertice</strong></span> <span class='ocrx_word' id='word_1_163' title='bbox 600 1831 775 1908; x_wconf 86' lang='lat' dir='ltr'><strong>montium,</strong></span> <span class='ocrx_word' id='word_1_164' title='bbox 862 1829 939 1918; x_wconf 73' lang='lat' dir='ltr'><strong>Regi</strong></span> <span class='ocrx_word' id='word_1_165' title='bbox 964 1842 1070 1895; x_wconf 85' lang='lat' dir='ltr'><strong>autem</strong></span> <span class='ocrx_word' id='word_1_166' title='bbox 1090 1829 1279 1895; x_wconf 69' lang='lat' dir='ltr'><strong>saeculorum</strong></span> <span class='ocrx_word' id='word_1_167' title='bbox 1298 1829 1369 1896; x_wconf 93' lang='lat' dir='ltr'><strong>im-</strong></span> 
     </span>
     <span class='ocr_line' id='line_1_19' title="bbox 234 1915 1369 2008; baseline 0.003 -27"><span class='ocrx_word' id='word_1_168' title='bbox 234 1930 266 1982; x_wconf 86' lang='lat' dir='ltr'><strong>ot</strong></span> <span class='ocrx_word' id='word_1_169' title='bbox 293 1915 437 1985; x_wconf 89' lang='lat' dir='ltr'><strong>sublimis</strong></span> <span class='ocrx_word' id='word_1_170' title='bbox 457 1933 561 2008; x_wconf 77' lang='lat' dir='ltr'><strong>&#39;super</strong></span> <span class='ocrx_word' id='word_1_171' title='bbox 588 1919 683 1988; x_wconf 78' lang='lat' dir='ltr'><strong>colles</strong></span> <span class='ocrx_word' id='word_1_172' title='bbox 710 1944 717 1984; x_wconf 92' lang='lat'><strong>:</strong></span> <span class='ocrx_word' id='word_1_173' title='bbox 745 1933 777 1984; x_wconf 85' lang='lat' dir='ltr'><strong>et</strong></span> <span class='ocrx_word' id='word_1_174' title='bbox 819 1919 967 1996; x_wconf 80' lang='lat' dir='ltr'><strong>mortali,</strong></span> <span class='ocrx_word' id='word_1_175' title='bbox 997 1918 1164 1994; x_wconf 72' lang='lat' dir='ltr'><strong>invisibili,</strong></span> <span class='ocrx_word' id='word_1_176' title='bbox 1199 1917 1256 1984; x_wconf 89' lang='lat' dir='ltr'><strong>soli</strong></span> <span class='ocrx_word' id='word_1_177' title='bbox 1292 1919 1369 1986; x_wconf 86' lang='lat' dir='ltr'><strong>Deo</strong></span> 
     </span>
     <span class='ocr_line' id='line_1_20' title="bbox 232 2005 1369 2097; baseline 0.003 -25"><span class='ocrx_word' id='word_1_178' title='bbox 232 2007 332 2072; x_wconf 82' lang='lat' dir='ltr'><strong>[luent</strong></span> <span class='ocrx_word' id='word_1_179' title='bbox 349 2009 388 2073; x_wconf 98' lang='lat' dir='ltr'><strong>ad</strong></span> <span class='ocrx_word' id='word_1_180' title='bbox 405 2032 480 2074; x_wconf 87' lang='lat' dir='ltr'><strong>eum</strong></span> <span class='ocrx_word' id='word_1_181' title='bbox 492 2009 602 2097; x_wconf 91' lang='lat' dir='ltr'><strong>populi</strong></span> <span class='ocrx_word' id='word_1_182' title='bbox 614 2059 623 2086; x_wconf 89' lang='lat'><strong>,</strong></span> <span class='ocrx_word' id='word_1_183' title='bbox 636 2019 695 2074; x_wconf 82' lang='lat' dir='ltr'><strong>etc.</strong></span> <span class='ocrx_word' id='word_1_184' title='bbox 711 2009 775 2076; x_wconf 82' lang='lat' dir='ltr'><strong>Mi·</strong></span> <span class='ocrx_word' id='word_1_185' title='bbox 818 2005 924 2072; x_wconf 91' lang='lat' dir='ltr'><strong>honor</strong></span> <span class='ocrx_word' id='word_1_186' title='bbox 947 2021 979 2072; x_wconf 86' lang='lat' dir='ltr'><strong>et</strong></span> <span class='ocrx_word' id='word_1_187' title='bbox 1001 2007 1101 2096; x_wconf 81' lang='lat' dir='ltr'><strong>gloria</strong></span> <span class='ocrx_word' id='word_1_188' title='bbox 1122 2009 1154 2072; x_wconf 91' lang='lat' dir='ltr'><strong>in</strong></span> <span class='ocrx_word' id='word_1_189' title='bbox 1170 2008 1286 2074; x_wconf 84' lang='lat' dir='ltr'><strong>saecnla</strong></span> <span class='ocrx_word' id='word_1_190' title='bbox 1314 2034 1369 2075; x_wconf 68' lang='grc' dir='ltr'><strong>εω-</strong></span> 
     </span>
     <span class='ocr_line' id='line_1_21' title="bbox 231 2093 1365 2180; baseline 0.002 -20"><span class='ocrx_word' id='word_1_191' title='bbox 231 2093 776 2180; x_wconf 71' lang='lat' dir='ltr'><strong>etoael.1.Viu0nc.5.2.lnm</strong></span> <span class='ocrx_word' id='word_1_192' title='bbox 818 2093 978 2162; x_wconf 86' lang='lat' dir='ltr'><strong>culorum.</strong></span> <span class='ocrx_word' id='word_1_193' title='bbox 1005 2096 1118 2162; x_wconf 78' lang='lat' dir='ltr'><strong>limen.</strong></span> <span class='ocrx_word' id='word_1_194' title='bbox 1155 2122 1180 2162; x_wconf 90' lang='grc' dir='ltr'><strong>ι.</strong></span> <span class='ocrx_word' id='word_1_195' title='bbox 1211 2097 1304 2162; x_wconf 81' lang='lat' dir='ltr'><strong>Tim.</strong></span> <span class='ocrx_word' id='word_1_196' title='bbox 1338 2123 1365 2162; x_wconf 95' lang='grc' dir='ltr'><strong>ι.</strong></span> 
     </span>
     <span class='ocr_line' id='line_1_22' title="bbox 230 2181 872 2274; baseline 0 -26"><span class='ocrx_word' id='word_1_197' title='bbox 230 2181 299 2250; x_wconf 80' lang='lat' dir='ltr'><strong>Iso.</strong></span> <span class='ocrx_word' id='word_1_198' title='bbox 317 2209 346 2250; x_wconf 80' lang='lat' dir='ltr'><strong>a.</strong></span> <span class='ocrx_word' id='word_1_199' title='bbox 365 2210 393 2250; x_wconf 82' lang='lat' dir='ltr'><strong>a.</strong></span> <span class='ocrx_word' id='word_1_200' title='bbox 412 2201 515 2274; x_wconf 77' lang='lat' dir='ltr'><strong>etseq.</strong></span> <span class='ocrx_word' id='word_1_201' title='bbox 605 2217 609 2232; x_wconf 56' lang='grc' dir='ltr'><strong>ι</strong></span> <span class='ocrx_word' id='word_1_202' title='bbox 823 2209 872 2271; x_wconf 88' lang='lat'><strong>¹7·</strong></span> 
     </span>
    </p>

    <p class='ocr_par' dir='ltr' id='par_1_6' title="bbox 180 2270 1366 2987">
     <span class='ocr_line' id='line_1_23' title="bbox 276 2270 1365 2360; baseline 0.003 -22"><span class='ocrx_word' id='word_1_203' title='bbox 276 2270 388 2340; x_wconf 81' lang='lat' dir='ltr'><strong>Exultn</strong></span> <span class='ocrx_word' id='word_1_204' title='bbox 405 2275 499 2353; x_wconf 87' lang='lat' dir='ltr'><strong>satis,</strong></span> <span class='ocrx_word' id='word_1_205' title='bbox 516 2274 581 2341; x_wconf 84' lang='lat' dir='ltr'><strong>filia</strong></span> <span class='ocrx_word' id='word_1_206' title='bbox 596 2273 694 2351; x_wconf 87' lang='lat' dir='ltr'><strong>Sion,</strong></span> <span class='ocrx_word' id='word_1_207' title='bbox 722 2275 775 2339; x_wconf 85' lang='lat' dir='ltr'><strong>‘u-</strong></span> <span class='ocrx_word' id='word_1_208' title='bbox 862 2273 1011 2360; x_wconf 80' lang='lat' dir='ltr'><strong>Thronus</strong></span> <span class='ocrx_word' id='word_1_209' title='bbox 1023 2286 1115 2351; x_wconf 85' lang='lat' dir='ltr'><strong>tuus,</strong></span> <span class='ocrx_word' id='word_1_210' title='bbox 1131 2275 1240 2351; x_wconf 88' lang='lat' dir='ltr'><strong>Dens,</strong></span> <span class='ocrx_word' id='word_1_211' title='bbox 1257 2275 1290 2340; x_wconf 90' lang='lat' dir='ltr'><strong>in</strong></span> <span class='ocrx_word' id='word_1_212' title='bbox 1307 2300 1365 2341; x_wconf 70' lang='grc' dir='ltr'><strong>εω-</strong></span> 
     </span>
     <span class='ocr_line' id='line_1_24' title="bbox 226 2299 1364 2459; baseline 0.003 -32"><span class='ocrx_word' id='word_1_213' title='bbox 226 2362 313 2459; x_wconf 72' lang='grc' dir='ltr'><strong>6ἰ1ο,</strong></span> <span class='ocrx_word' id='word_1_214' title='bbox 326 2362 390 2429; x_wconf 87' lang='lat' dir='ltr'><strong>lilia</strong></span> <span class='ocrx_word' id='word_1_215' title='bbox 405 2363 604 2431; x_wconf 85' lang='lat' dir='ltr'><strong>Jerusalem:</strong></span> <span class='ocrx_word' id='word_1_216' title='bbox 619 2368 696 2429; x_wconf 76' lang='lat' dir='ltr'><strong>ecce</strong></span> <span class='ocrx_word' id='word_1_217' title='bbox 707 2299 775 2429; x_wconf 86' lang='lat' dir='ltr'><strong>llex</strong></span> <span class='ocrx_word' id='word_1_218' title='bbox 817 2362 926 2429; x_wconf 85' lang='lat' dir='ltr'><strong>culum</strong></span> <span class='ocrx_word' id='word_1_219' title='bbox 939 2363 1045 2430; x_wconf 81' lang='lat' dir='ltr'><strong>saeculi</strong></span> <span class='ocrx_word' id='word_1_220' title='bbox 1060 2389 1067 2429; x_wconf 76' lang='grc' dir='ltr'><strong>ε</strong></span> <span class='ocrx_word' id='word_1_221' title='bbox 1081 2366 1169 2454; x_wconf 81' lang='lat' dir='ltr'><strong>virga</strong></span> <span class='ocrx_word' id='word_1_222' title='bbox 1179 2365 1364 2453; x_wconf 70' lang='lat' dir='ltr'><strong>equitatis,</strong></span> 
     </span>
     <span class='ocr_line' id='line_1_25' title="bbox 180 2452 1362 2545; baseline 0.002 -30"><span class='ocrx_word' id='word_1_223' title='bbox 180 2483 182 2491; x_wconf 57' lang='lat'><strong><em>¹</em></strong></span> <span class='ocrx_word' id='word_1_224' title='bbox 219 2463 302 2520; x_wconf 78' lang='lat' dir='ltr'><strong>&#39;tuus</strong></span> <span class='ocrx_word' id='word_1_225' title='bbox 316 2454 420 2519; x_wconf 85' lang='lat' dir='ltr'><strong>veniet</strong></span> <span class='ocrx_word' id='word_1_226' title='bbox 437 2454 494 2519; x_wconf 85' lang='lat' dir='ltr'><strong>tibi</strong></span> <span class='ocrx_word' id='word_1_227' title='bbox 511 2454 613 2545; x_wconf 67' lang='lat' dir='ltr'><strong>justus</strong></span> <span class='ocrx_word' id='word_1_228' title='bbox 629 2465 662 2517; x_wconf 85' lang='lat' dir='ltr'><strong>ot</strong></span> <span class='ocrx_word' id='word_1_229' title='bbox 676 2452 774 2519; x_wconf 82' lang='lat' dir='ltr'><strong>salva·</strong></span> <span class='ocrx_word' id='word_1_230' title='bbox 817 2452 902 2541; x_wconf 76' lang='lat' dir='ltr'><strong>virga</strong></span> <span class='ocrx_word' id='word_1_231' title='bbox 933 2453 1021 2544; x_wconf 79' lang='lat' dir='ltr'><strong>regni</strong></span> <span class='ocrx_word' id='word_1_232' title='bbox 1049 2453 1103 2519; x_wconf 88' lang='lat' dir='ltr'><strong>tui.</strong></span> <span class='ocrx_word' id='word_1_233' title='bbox 1134 2454 1242 2519; x_wconf 77' lang='lat' dir='ltr'><strong>Hedr.</strong></span> <span class='ocrx_word' id='word_1_234' title='bbox 1272 2477 1299 2519; x_wconf 93' lang='grc' dir='ltr'><strong>ι.</strong></span> <span class='ocrx_word' id='word_1_235' title='bbox 1330 2460 1362 2521; x_wconf 90' lang='lat'><strong>8.</strong></span> 
     </span>
     <span class='ocr_line' id='line_1_26' title="bbox 228 2541 1059 2632; baseline 0.004 -27"><span class='ocrx_word' id='word_1_236' title='bbox 228 2552 300 2609; x_wconf 89' lang='lat' dir='ltr'><strong>tor:</strong></span> <span class='ocrx_word' id='word_1_237' title='bbox 315 2541 382 2631; x_wconf 87' lang='lat' dir='ltr'><strong>ipse</strong></span> <span class='ocrx_word' id='word_1_238' title='bbox 392 2544 535 2632; x_wconf 81' lang='lat' dir='ltr'><strong>pauper,</strong></span> <span class='ocrx_word' id='word_1_239' title='bbox 550 2541 583 2607; x_wconf 78' lang='lat' dir='ltr'><strong>et</strong></span> <span class='ocrx_word' id='word_1_240' title='bbox 595 2542 773 2609; x_wconf 83' lang='lat' dir='ltr'><strong>ascendens</strong></span> <span class='ocrx_word' id='word_1_241' title='bbox 818 2542 850 2604; x_wconf 89' lang='lat' dir='ltr'><em>V</em></span> <span class='ocrx_word' id='word_1_242' title='bbox 851 2541 913 2606; x_wconf 78' lang='lat' dir='ltr'><strong>ide.</strong></span> <span class='ocrx_word' id='word_1_243' title='bbox 929 2566 956 2606; x_wconf 86' lang='lat' dir='ltr'><strong>o.</strong></span> <span class='ocrx_word' id='word_1_244' title='bbox 979 2566 1007 2608; x_wconf 79' lang='lat' dir='ltr'><strong>a.</strong></span> <span class='ocrx_word' id='word_1_245' title='bbox 1027 2567 1059 2631; x_wconf 85' lang='lat'><strong>9.</strong></span> 
     </span>
     <span class='ocr_line' id='line_1_27' title="bbox 228 2629 773 2722; baseline 0.004 -27"><span class='ocrx_word' id='word_1_246' title='bbox 228 2653 324 2722; x_wconf 87' lang='lat' dir='ltr'><strong>super</strong></span> <span class='ocrx_word' id='word_1_247' title='bbox 340 2634 480 2708; x_wconf 81' lang='lat' dir='ltr'><strong>asinam,</strong></span> <span class='ocrx_word' id='word_1_248' title='bbox 499 2646 532 2697; x_wconf 84' lang='lat' dir='ltr'><strong>ot</strong></span> <span class='ocrx_word' id='word_1_249' title='bbox 542 2656 637 2721; x_wconf 86' lang='lat' dir='ltr'><strong>super</strong></span> <span class='ocrx_word' id='word_1_250' title='bbox 649 2629 773 2721; x_wconf 87' lang='lat' dir='ltr'><strong>pullum</strong></span> 
     </span>
     <span class='ocr_line' id='line_1_28' title="bbox 228 2718 774 2808; baseline 0.002 -23"><span class='ocrx_word' id='word_1_251' title='bbox 228 2718 329 2787; x_wconf 90' lang='lat' dir='ltr'><strong>lilium</strong></span> <span class='ocrx_word' id='word_1_252' title='bbox 345 2722 450 2789; x_wconf 84' lang='lat' dir='ltr'><strong>usinae.</strong></span> <span class='ocrx_word' id='word_1_253' title='bbox 469 2720 570 2787; x_wconf 72' lang='lat' dir='ltr'><strong>Zau.</strong></span> <span class='ocrx_word' id='word_1_254' title='bbox 589 2746 620 2807; x_wconf 83' lang='lat'><strong>9.</strong></span> <span class='ocrx_word' id='word_1_255' title='bbox 638 2746 668 2808; x_wconf 81' lang='lat'><strong>9.</strong></span> <span class='ocrx_word' id='word_1_256' title='bbox 687 2720 718 2783; x_wconf 90' lang='lat' dir='ltr'><em>V</em></span> <span class='ocrx_word' id='word_1_257' title='bbox 719 2721 774 2786; x_wconf 78' lang='lat' dir='ltr'><strong>ida</strong></span> 
     </span>
     <span class='ocr_line' id='line_1_29' title="bbox 226 2806 1366 2900; baseline 0.002 -27"><span class='ocrx_word' id='word_1_258' title='bbox 226 2825 256 2875; x_wconf 75' lang='lat' dir='ltr'><strong>et</strong></span> <span class='ocrx_word' id='word_1_259' title='bbox 275 2834 308 2875; x_wconf 85' lang='lat' dir='ltr'><strong>o.</strong></span> <span class='ocrx_word' id='word_1_260' title='bbox 340 2834 388 2877; x_wconf 94' lang='grc' dir='ltr'><strong>ιο.</strong></span> <span class='ocrx_word' id='word_1_261' title='bbox 413 2809 501 2876; x_wconf 80' lang='lat' dir='ltr'><strong>Itum</strong></span> <span class='ocrx_word' id='word_1_262' title='bbox 522 2809 642 2877; x_wconf 68' lang='lat' dir='ltr'><strong>Maean.</strong></span> <span class='ocrx_word' id='word_1_263' title='bbox 665 2832 715 2875; x_wconf 82' lang='lat' dir='ltr'><strong>ar.</strong></span> <span class='ocrx_word' id='word_1_264' title='bbox 738 2812 768 2875; x_wconf 87' lang='lat'><strong>5.</strong></span> <span class='ocrx_word' id='word_1_265' title='bbox 863 2806 1005 2887; x_wconf 82' lang='lat' dir='ltr'><strong>Quaerite</strong></span> <span class='ocrx_word' id='word_1_266' title='bbox 1026 2816 1102 2899; x_wconf 77' lang='lat' dir='ltr'><strong>ergo</strong></span> <span class='ocrx_word' id='word_1_267' title='bbox 1124 2810 1265 2897; x_wconf 76' lang='lat' dir='ltr'><strong>primum</strong></span> <span class='ocrx_word' id='word_1_268' title='bbox 1287 2834 1366 2900; x_wconf 75' lang='lat' dir='ltr'><strong>reg-</strong></span> 
     </span>
     <span class='ocr_line' id='line_1_30' title="bbox 225 2897 1364 2987; baseline 0.002 -26"><span class='ocrx_word' id='word_1_269' title='bbox 225 2898 324 2963; x_wconf 84' lang='lat' dir='ltr'><strong>Joan.</strong></span> <span class='ocrx_word' id='word_1_270' title='bbox 349 2922 397 2963; x_wconf 79' lang='lat' dir='ltr'><strong>ra.</strong></span> <span class='ocrx_word' id='word_1_271' title='bbox 423 2901 460 2963; x_wconf 84' lang='lat'><strong>15</strong></span> <span class='ocrx_word' id='word_1_272' title='bbox 816 2919 894 2961; x_wconf 89' lang='lat' dir='ltr'><strong>num</strong></span> <span class='ocrx_word' id='word_1_273' title='bbox 922 2897 1002 2974; x_wconf 87' lang='lat' dir='ltr'><strong>Dei,</strong></span> <span class='ocrx_word' id='word_1_274' title='bbox 1029 2911 1061 2963; x_wconf 88' lang='lat' dir='ltr'><strong>et</strong></span> <span class='ocrx_word' id='word_1_275' title='bbox 1093 2899 1246 2983; x_wconf 79' lang='lat' dir='ltr'><strong>justitiam</strong></span> <span class='ocrx_word' id='word_1_276' title='bbox 1269 2899 1364 2987; x_wconf 83' lang='lat' dir='ltr'><strong>ejus,</strong></span> 
     </span>
    </p>

    <p class='ocr_par' dir='ltr' id='par_1_7' title="bbox 282 2984 1365 3074">
     <span class='ocr_line' id='line_1_31' title="bbox 282 2984 1365 3074; baseline 0.002 -23"><span class='ocrx_word' id='word_1_277' title='bbox 282 2985 439 3053; x_wconf 78' lang='lat' dir='ltr'><strong>Adveniet</strong></span> <span class='ocrx_word' id='word_1_278' title='bbox 483 3008 618 3074; x_wconf 78' lang='lat' dir='ltr'><strong>regnum</strong></span> <span class='ocrx_word' id='word_1_279' title='bbox 663 2999 766 3052; x_wconf 88' lang='lat' dir='ltr'><strong>tuum.</strong></span> <span class='ocrx_word' id='word_1_280' title='bbox 814 2997 877 3050; x_wconf 88' lang='lat' dir='ltr'><strong>etc.</strong></span> <span class='ocrx_word' id='word_1_281' title='bbox 897 2984 1018 3052; x_wconf 75' lang='lat' dir='ltr'><strong>dlattlr.</strong></span> <span class='ocrx_word' id='word_1_282' title='bbox 1038 2989 1069 3052; x_wconf 88' lang='lat'><strong>6.</strong></span> <span class='ocrx_word' id='word_1_283' title='bbox 1089 2988 1143 3053; x_wconf 74' lang='lat'><strong>55.</strong></span> <span class='ocrx_word' id='word_1_284' title='bbox 1161 2987 1260 3053; x_wconf 77' lang='lat' dir='ltr'><strong>Item.</strong></span> <span class='ocrx_word' id='word_1_285' title='bbox 1278 2987 1365 3053; x_wconf 77' lang='lat' dir='ltr'><strong>Luc.</strong></span> 
     </span>
    </p>

    <p class='ocr_par' dir='ltr' id='par_1_8' title="bbox 148 3072 1367 3586">
     <span class='ocr_line' id='line_1_32' title="bbox 225 3072 937 3141; baseline 0.001 -2"><span class='ocrx_word' id='word_1_286' title='bbox 225 3072 345 3139; x_wconf 75' lang='lat' dir='ltr'><strong>Multi.</strong></span> <span class='ocrx_word' id='word_1_287' title='bbox 365 3077 396 3139; x_wconf 87' lang='grc'><strong>6.</strong></span> <span class='ocrx_word' id='word_1_288' title='bbox 422 3101 467 3141; x_wconf 88' lang='grc' dir='ltr'><strong>ιο.</strong></span> <span class='ocrx_word' id='word_1_289' title='bbox 487 3073 574 3139; x_wconf 80' lang='lat' dir='ltr'><strong>Item</strong></span> <span class='ocrx_word' id='word_1_290' title='bbox 591 3073 667 3139; x_wconf 87' lang='lat' dir='ltr'><strong>Lno.</strong></span> <span class='ocrx_word' id='word_1_291' title='bbox 688 3076 719 3141; x_wconf 83' lang='lat'><strong>6.</strong></span> <span class='ocrx_word' id='word_1_292' title='bbox 738 3099 767 3139; x_wconf 76' lang='lat' dir='ltr'><strong>n.</strong></span> <span class='ocrx_word' id='word_1_293' title='bbox 820 3074 937 3140; x_wconf 60' lang='lat'><strong>1251.</strong></span> 
     </span>
     <span class='ocr_line' id='line_1_33' title="bbox 148 3160 1367 3253; baseline 0.002 -28"><span class='ocrx_word' id='word_1_294' title='bbox 148 3178 161 3203; x_wconf 83' lang='lat'><strong>·</strong></span> <span class='ocrx_word' id='word_1_295' title='bbox 270 3164 311 3227; x_wconf 87' lang='lat' dir='ltr'><strong>Et</strong></span> <span class='ocrx_word' id='word_1_296' title='bbox 323 3164 482 3253; x_wconf 82' lang='lat' dir='ltr'><strong>ingressus</strong></span> <span class='ocrx_word' id='word_1_297' title='bbox 495 3162 635 3251; x_wconf 77' lang='lat' dir='ltr'><strong>Angelus</strong></span> <span class='ocrx_word' id='word_1_298' title='bbox 648 3164 686 3228; x_wconf 83' lang='lat' dir='ltr'><strong>ad</strong></span> <span class='ocrx_word' id='word_1_299' title='bbox 700 3188 770 3229; x_wconf 87' lang='lat' dir='ltr'><strong>eam</strong></span> <span class='ocrx_word' id='word_1_300' title='bbox 884 3160 911 3227; x_wconf 82' lang='lat' dir='ltr'>A</span> <span class='ocrx_word' id='word_1_301' title='bbox 944 3162 1056 3229; x_wconf 89' lang='lat' dir='ltr'><strong>diebus</strong></span> <span class='ocrx_word' id='word_1_302' title='bbox 1087 3177 1193 3229; x_wconf 80' lang='lat' dir='ltr'><strong>aulem</strong></span> <span class='ocrx_word' id='word_1_303' title='bbox 1221 3162 1367 3228; x_wconf 83' lang='lat' dir='ltr'><strong>Joannis</strong></span> 
     </span>
     <span class='ocr_line' id='line_1_34' title="bbox 229 3250 1360 3403; baseline -0.004 -84"><span class='ocrx_word' id='word_1_304' title='bbox 229 3250 435 3340; x_wconf 81' lang='lat' dir='ltr'><strong>(Marium),</strong></span> <span class='ocrx_word' id='word_1_305' title='bbox 462 3251 539 3317; x_wconf 88' lang='lat' dir='ltr'><strong>dixit</strong></span> <span class='ocrx_word' id='word_1_306' title='bbox 557 3273 565 3316; x_wconf 77' lang='grc' dir='ltr'><strong><em>ε</em></strong></span> <span class='ocrx_word' id='word_1_307' title='bbox 580 3252 646 3317; x_wconf 77' lang='lat' dir='ltr'><strong>dvo</strong></span> <span class='ocrx_word' id='word_1_308' title='bbox 669 3253 769 3342; x_wconf 69' lang='lat' dir='ltr'><strong>gratia</strong></span> <span class='ocrx_word' id='word_1_309' title='bbox 816 3250 965 3403; x_wconf 82' lang='lat' dir='ltr'><strong>Baptistae</strong></span> <span class='ocrx_word' id='word_1_310' title='bbox 982 3254 1083 3341; x_wconf 71' lang='lat' dir='ltr'><strong>sisque</strong></span> <span class='ocrx_word' id='word_1_311' title='bbox 1096 3276 1196 3327; x_wconf 86' lang='lat' dir='ltr'><strong>nune,</strong></span> <span class='ocrx_word' id='word_1_312' title='bbox 1217 3272 1360 3337; x_wconf 80' lang='lat' dir='ltr'><strong>regnum</strong></span> 
     </span>
     <span class='ocr_line' id='line_1_35' title="bbox 223 3338 1364 3427; baseline -0.004 -21"><span class='ocrx_word' id='word_1_313' title='bbox 223 3338 316 3427; x_wconf 85' lang='lat' dir='ltr'><strong>plena</strong></span> <span class='ocrx_word' id='word_1_314' title='bbox 338 3366 345 3406; x_wconf 92' lang='lat'>:</span> <span class='ocrx_word' id='word_1_315' title='bbox 368 3340 525 3405; x_wconf 87' lang='lat' dir='ltr'><strong>Dominus</strong></span> <span class='ocrx_word' id='word_1_316' title='bbox 549 3354 656 3406; x_wconf 77' lang='lat' dir='ltr'><strong>tecum</strong></span> <span class='ocrx_word' id='word_1_317' title='bbox 677 3367 684 3408; x_wconf 94' lang='lat'><strong>:</strong></span> <span class='ocrx_word' id='word_1_318' title='bbox 705 3343 768 3407; x_wconf 88' lang='lat' dir='ltr'><strong>Be·</strong></span> <span class='ocrx_word' id='word_1_319' title='bbox 815 3364 862 3405; x_wconf 83' lang='lat' dir='ltr'><strong>coe</strong></span> <span class='ocrx_word' id='word_1_320' title='bbox 877 3363 970 3405; x_wconf 90' lang='lat' dir='ltr'><strong>orum</strong></span> <span class='ocrx_word' id='word_1_321' title='bbox 992 3343 1055 3407; x_wconf 77' lang='lat' dir='ltr'><strong>vim</strong></span> <span class='ocrx_word' id='word_1_322' title='bbox 1104 3343 1217 3416; x_wconf 76' lang='lat' dir='ltr'><strong>alitur,</strong></span> <span class='ocrx_word' id='word_1_323' title='bbox 1233 3351 1266 3403; x_wconf 78' lang='lat' dir='ltr'><strong>et</strong></span> <span class='ocrx_word' id='word_1_324' title='bbox 1286 3340 1364 3403; x_wconf 75' lang='lat' dir='ltr'><strong>vio-</strong></span> 
     </span>
     <span class='ocr_line' id='line_1_36' title="bbox 223 3366 1363 3519; baseline 0 -27"><span class='ocrx_word' id='word_1_325' title='bbox 223 3428 350 3495; x_wconf 85' lang='lat' dir='ltr'><strong>nediota</strong></span> <span class='ocrx_word' id='word_1_326' title='bbox 369 3442 402 3493; x_wconf 85' lang='lat' dir='ltr'><strong>tu</strong></span> <span class='ocrx_word' id='word_1_327' title='bbox 420 3430 451 3495; x_wconf 93' lang='lat' dir='ltr'><strong>in</strong></span> <span class='ocrx_word' id='word_1_328' title='bbox 469 3428 667 3495; x_wconf 80' lang='lat' dir='ltr'><strong>mulieribus.</strong></span> <span class='ocrx_word' id='word_1_329' title='bbox 689 3430 766 3496; x_wconf 84' lang='lat' dir='ltr'><strong>Luc.</strong></span> <span class='ocrx_word' id='word_1_330' title='bbox 813 3426 891 3493; x_wconf 88' lang='lat' dir='ltr'><strong>lenti</strong></span> <span class='ocrx_word' id='word_1_331' title='bbox 918 3432 1049 3519; x_wconf 83' lang='lat' dir='ltr'><strong>rapiunt</strong></span> <span class='ocrx_word' id='word_1_332' title='bbox 1072 3366 1162 3496; x_wconf 89' lang='lat' dir='ltr'><strong>illud.</strong></span> <span class='ocrx_word' id='word_1_333' title='bbox 1187 3427 1275 3497; x_wconf 74' lang='lat' dir='ltr'><strong>laid</strong></span> <span class='ocrx_word' id='word_1_334' title='bbox 1305 3453 1363 3495; x_wconf 89' lang='grc' dir='ltr'><strong>ιι.</strong></span> 
     </span>
     <span class='ocr_line' id='line_1_37' title="bbox 228 3515 1211 3586; baseline 0.003 -5"><span class='ocrx_word' id='word_1_335' title='bbox 228 3540 254 3584; x_wconf 92' lang='grc' dir='ltr'><strong>ι.</strong></span> <span class='ocrx_word' id='word_1_336' title='bbox 270 3517 320 3581; x_wconf 73' lang='lat'><strong>28.</strong></span> <span class='ocrx_word' id='word_1_337' title='bbox 821 3515 1136 3585; x_wconf 76' lang='lat' dir='ltr'><strong>ra.ItemLuo.16.</strong></span> <span class='ocrx_word' id='word_1_338' title='bbox 1162 3519 1211 3586; x_wconf 91' lang='grc' dir='ltr'><strong>ι6.</strong></span> 
     </span>
    </p>

    <p class='ocr_par' dir='ltr' id='par_1_9' title="bbox 220 3603 1369 4145">
     <span class='ocr_line' id='line_1_38' title="bbox 268 3603 1369 3698; baseline 0 -25"><span class='ocrx_word' id='word_1_339' title='bbox 268 3603 496 3673; x_wconf 81' lang='lat' dir='ltr'><strong>Verumtamen</strong></span> <span class='ocrx_word' id='word_1_340' title='bbox 534 3606 665 3697; x_wconf 67' lang='lat' dir='ltr'><strong>quaerite</strong></span> <span class='ocrx_word' id='word_1_341' title='bbox 703 3609 771 3695; x_wconf 89' lang='lat' dir='ltr'><strong>pri·</strong></span> <span class='ocrx_word' id='word_1_342' title='bbox 859 3606 972 3673; x_wconf 87' lang='lat' dir='ltr'><strong>Simile</strong></span> <span class='ocrx_word' id='word_1_343' title='bbox 990 3622 1038 3674; x_wconf 87' lang='lat' dir='ltr'><strong>est</strong></span> <span class='ocrx_word' id='word_1_344' title='bbox 1056 3632 1191 3698; x_wconf 87' lang='lat' dir='ltr'><strong>regnum</strong></span> <span class='ocrx_word' id='word_1_345' title='bbox 1207 3606 1369 3675; x_wconf 83' lang='lat' dir='ltr'><strong>coelormn</strong></span> 
     </span>
     <span class='ocr_line' id='line_1_39' title="bbox 224 3694 1368 3786; baseline -0.001 -25"><span class='ocrx_word' id='word_1_346' title='bbox 224 3698 313 3762; x_wconf 84' lang='lat' dir='ltr'><strong>minu</strong></span> <span class='ocrx_word' id='word_1_347' title='bbox 330 3718 464 3783; x_wconf 81' lang='lat' dir='ltr'><strong>regnum</strong></span> <span class='ocrx_word' id='word_1_348' title='bbox 480 3695 557 3773; x_wconf 86' lang='lat' dir='ltr'><strong>Dei,</strong></span> <span class='ocrx_word' id='word_1_349' title='bbox 572 3695 770 3781; x_wconf 76' lang='lat' dir='ltr'><strong>etiustitiam</strong></span> <span class='ocrx_word' id='word_1_350' title='bbox 817 3694 940 3760; x_wconf 90' lang='lat' dir='ltr'><strong>homini</strong></span> <span class='ocrx_word' id='word_1_351' title='bbox 977 3697 1198 3786; x_wconf 68' lang='lat' dir='ltr'><strong>patrifamilias</strong></span> <span class='ocrx_word' id='word_1_352' title='bbox 1218 3737 1262 3745; x_wconf 91' lang='lat'>—</span> <span class='ocrx_word' id='word_1_353' title='bbox 1280 3697 1368 3761; x_wconf 90' lang='lat' dir='ltr'><strong>Con·</strong></span> 
     </span>
     <span class='ocr_line' id='line_1_40' title="bbox 223 3784 1369 3891; baseline 0.001 -41"><span class='ocrx_word' id='word_1_354' title='bbox 223 3784 315 3874; x_wconf 86' lang='lat' dir='ltr'><strong>ejus:</strong></span> <span class='ocrx_word' id='word_1_355' title='bbox 331 3796 362 3851; x_wconf 85' lang='lat' dir='ltr'><strong>et</strong></span> <span class='ocrx_word' id='word_1_356' title='bbox 378 3785 564 3851; x_wconf 77' lang='lat' dir='ltr'><strong>haecomnia</strong></span> <span class='ocrx_word' id='word_1_357' title='bbox 579 3784 771 3872; x_wconf 80' lang='lat' dir='ltr'><strong>adjicientur</strong></span> <span class='ocrx_word' id='word_1_358' title='bbox 813 3785 965 3851; x_wconf 86' lang='lat' dir='ltr'><strong>ventione</strong></span> <span class='ocrx_word' id='word_1_359' title='bbox 976 3788 1182 3853; x_wconf 73' lang='lat' dir='ltr'><strong>autem&#39;faotl</strong></span> <span class='ocrx_word' id='word_1_360' title='bbox 1201 3808 1277 3853; x_wconf 86' lang='lat' dir='ltr'><strong>oum</strong></span> <span class='ocrx_word' id='word_1_361' title='bbox 1290 3808 1369 3891; x_wconf 72' lang='lat' dir='ltr'><strong>ope</strong></span> 
     </span>
     <span class='ocr_line' id='line_1_41' title="bbox 224 3873 1368 3963; baseline -0.003 -22"><span class='ocrx_word' id='word_1_362' title='bbox 224 3874 322 3943; x_wconf 73' lang='lat' dir='ltr'><strong>vohis.</strong></span> <span class='ocrx_word' id='word_1_363' title='bbox 357 3873 462 3941; x_wconf 84' lang='lat' dir='ltr'><strong>Nolite</strong></span> <span class='ocrx_word' id='word_1_364' title='bbox 491 3876 605 3946; x_wconf 87' lang='lat' dir='ltr'><strong>timere</strong></span> <span class='ocrx_word' id='word_1_365' title='bbox 637 3873 770 3963; x_wconf 86' lang='lat' dir='ltr'><strong>pusillus</strong></span> <span class='ocrx_word' id='word_1_366' title='bbox 812 3873 903 3941; x_wconf 87' lang='lat' dir='ltr'><strong>rariis</strong></span> <span class='ocrx_word' id='word_1_367' title='bbox 917 3898 956 3940; x_wconf 82' lang='lat' dir='ltr'><strong>ex</strong></span> <span class='ocrx_word' id='word_1_368' title='bbox 968 3874 1101 3941; x_wconf 83' lang='lat' dir='ltr'><strong>denario</strong></span> <span class='ocrx_word' id='word_1_369' title='bbox 1116 3875 1257 3951; x_wconf 88' lang='lat' dir='ltr'><strong>diurno,</strong></span> <span class='ocrx_word' id='word_1_370' title='bbox 1276 3875 1368 3941; x_wconf 76' lang='lat' dir='ltr'><strong>misit</strong></span> 
     </span>
     <span class='ocr_line' id='line_1_42' title="bbox 221 3962 1368 4054; baseline -0.002 -26"><span class='ocrx_word' id='word_1_371' title='bbox 221 3988 318 4052; x_wconf 77' lang='lat' dir='ltr'><strong>grex,</strong></span> <span class='ocrx_word' id='word_1_372' title='bbox 351 3964 425 4052; x_wconf 84' lang='lat' dir='ltr'><strong>quia</strong></span> <span class='ocrx_word' id='word_1_373' title='bbox 456 3962 652 4054; x_wconf 78' lang='lat' dir='ltr'><strong>conaplacnit</strong></span> <span class='ocrx_word' id='word_1_374' title='bbox 684 3964 769 4029; x_wconf 86' lang='lat' dir='ltr'><strong>Patri</strong></span> <span class='ocrx_word' id='word_1_375' title='bbox 812 3985 868 4028; x_wconf 87' lang='lat' dir='ltr'><strong>eos</strong></span> <span class='ocrx_word' id='word_1_376' title='bbox 903 3965 937 4030; x_wconf 90' lang='lat' dir='ltr'><strong>in</strong></span> <span class='ocrx_word' id='word_1_377' title='bbox 970 3964 1093 4032; x_wconf 86' lang='lat' dir='ltr'><strong>vineam</strong></span> <span class='ocrx_word' id='word_1_378' title='bbox 1125 3987 1233 4031; x_wconf 81' lang='lat' dir='ltr'><strong>suam.</strong></span> <span class='ocrx_word' id='word_1_379' title='bbox 1271 3962 1368 4029; x_wconf 74' lang='lat' dir='ltr'><strong>Ittd.</strong></span> 
     </span>
     <span class='ocr_line' id='line_1_43' title="bbox 220 4052 972 4145; baseline 0.001 -28"><span class='ocrx_word' id='word_1_380' title='bbox 220 4052 766 4145; x_wconf 73' lang='lat' dir='ltr'><strong>vestrodarevolsisregnum.ll›id.</strong></span> <span class='ocrx_word' id='word_1_381' title='bbox 817 4074 869 4117; x_wconf 79' lang='lat' dir='ltr'><strong>ao.</strong></span> <span class='ocrx_word' id='word_1_382' title='bbox 894 4077 921 4117; x_wconf 87' lang='lat'><strong>1.</strong></span> <span class='ocrx_word' id='word_1_383' title='bbox 942 4076 972 4118; x_wconf 81' lang='lat' dir='ltr'><strong>a.</strong></span> 
     </span>
    </p>
   </div>
   <div class='ocr_carea' id='block_1_4' title="bbox 866 2674 1302 2764">
    <p class='ocr_par' dir='ltr' id='par_1_10' title="bbox 866 2674 1302 2764">
     <span class='ocr_line' id='line_1_44' title="bbox 866 2674 1302 2764; baseline 0.002 -26"><span class='ocrx_word' id='word_1_384' title='bbox 866 2674 1018 2764; x_wconf 76' lang='lat' dir='ltr'><strong>Regnum</strong></span> <span class='ocrx_word' id='word_1_385' title='bbox 1033 2675 1098 2739; x_wconf 74' lang='lat' dir='ltr'><strong>Dei</strong></span> <span class='ocrx_word' id='word_1_386' title='bbox 1105 2676 1302 2763; x_wconf 65' lang='lat' dir='ltr'><strong>percipitur.</strong></span> 
     </span>
    </p>
   </div>
   <div class='ocr_carea' id='block_1_5' title="bbox 0 0 1488 4675">
    <p class='ocr_par' dir='ltr' id='par_1_11' title="bbox 0 0 1488 4675">
     <span class='ocr_line' id='line_1_45' title="bbox 0 0 1488 4675; baseline 0 7"><span class='ocrx_word' id='word_1_387' title='bbox 0 0 1488 4675; x_wconf 95' lang='lat' dir='ltr'><strong> </strong></span> 
     </span>
    </p>
   </div>
  </div>
 </body>
</html>
