2967 4675
251 237 315 303 510
493 235 560 302 VAE
1075 235 1143 301 VAE

130 405 132 408 .
250 339 308 416 tihi
321 349 471 435 lupanar.
491 356 523 408 at
534 343 634 414 iecisti
649 345 703 410 tibi
717 368 792 433 pro·
811 345 816 358 “
876 342 948 416 Vae,
962 344 1074 410 civitas
1085 345 1294 432 sanguinum,
1308 349 1378 413 uni-

252 432 789 522 stihulumincunctisplateis,etc.
835 454 923 496 versa
960 433 1119 499 mendacii
1151 431 1382 501 dilaceratione

252 527 339 592 latet.
371 523 419 587 16.
445 519 496 586 ab.
518 525 569 600 ab.
590 523 675 587 Vide
697 540 796 612 caput
833 520 927 608 piena
940 521 1239 588 :nonreeedetate
1255 525 1379 612 rapina.

31 619 35 630 '
151 645 155 653 ·
252 620 337 701 249
833 609 1010 677 Nahumd.
1032 634 1057 675 1.

295 703 353 766 Fili
369 700 508 765 hominis
524 751 533 777 ,
560 699 738 790 propheta,
762 712 794 764 et
878 698 934 764 Vae
948 698 977 763 ei
993 750 1001 774 ,
1026 699 1079 786 qui
1104 698 1297 789 multiplicat
1312 725 1381 767 non

250 791 302 856 dic
319 815 327 855 :
346 790 422 855 Haec
431 789 508 855 dicit
519 788 675 854 Dominus
686 789 791 853 Deus:
833 810 906 860 sua;
923 799 1088 876 usquequo
1096 801 1132 863 ,et
1143 803 1296 878 aggravat
1306 813 1383 856 con·

252 878 464 955 Ululate,vae,
478 877 794 965 radicitquiajuxta
834 890 882 940 tra
909 900 943 941 se
970 877 1105 942 densum
1131 874 1266 943 lutum?
1286 878 1383 944 Num-

250 981 298 1032 est
321 968 406 1043 dies,
423 979 456 1032 et
477 967 711 1056 appropinquat
726 965 794 1031 dies
834 963 911 1052 quid
940 988 1005 1030 non
1030 973 1161 1054 repente
1187 983 1384 1058 consurgent

250 1056 378 1122 Domini
397 1079 405 1121 τ
428 1056 494 1121 dies
521 1056 642 1140 nubis,
668 1068 733 1120 tem
758 1079 794 1119 us
833 1054 887 1142 qui
899 1054 1069 1120 mordeant
1079 1066 1170 1120 tezet
1179 1057 1380 1122 suscitabun-

252 1145 403 1212 Gentium
415 1146 485 1210 erit.
504 1143 524 1210 1
528 1145 594 1211 bid.
616 1145 667 1210 50.
689 1168 718 1210 a.
734 1079 767 1209 Ξ.
834 1155 886 1207 tur
902 1140 1078 1208 lacerantes
1090 1155 1141 1219 te,
1158 1146 1270 1210 eteris
1286 1146 1320 1211 in
1337 1170 1381 1211 ra

294 1233 349 1301 Vm
375 1234 553 1322 pastoribus
584 1231 707 1309 lsrael,
738 1233 793 1321 qui
834 1232 942 1320 pinam
954 1228 1166 1298 eisiHahoe.
1184 1258 1213 1298 a.
1230 1236 1264 1298 6.
1285 1261 1317 1322 7.
1328 1235 1383 1302 Vae

250 1323 424 1412 pascebant
446 1323 629 1412 semetipsos
653 1346 661 1387 ε
686 1346 794 1387 nonne
834 1321 888 1409 qni
898 1333 1071 1410 congregat
1083 1322 1250 1387 avaritiam
1262 1323 1383 1390 malam

251 1411 795 1502 gregeshpastorihuspascuntur?
835 1410 943 1474 domui
967 1434 1056 1484 srrae,
1082 1422 1116 1475 ut
1139 1412 1178 1476 sit
1202 1413 1235 1476 in
1256 1413 1386 1479 excelso

253 1503 316 1567 Lac
361 1501 607 1576 comedebatis,
645 1513 676 1564 et
714 1498 794 1565 ienis
835 1497 928 1564 nidus
940 1499 1081 1583 ejus‚et
1095 1497 1385 1606 liberariseputat

252 1591 480 1680 operiebamini
491 1642 500 1667 ,
512 1603 544 1655 et
552 1589 638 1679 ¹quod
652 1612 794 1654 crassum
836 1587 876 1652 de
888 1587 1079 1653 manumuli.
1090 1613 1124 1653 v.
1140 1613 1171 1677 9.
1179 1589 1236 1655 Vae
1245 1615 1299 1679 qm
1308 1592 1381 1656 aedi-

179 1736 183 1746 .
250 1691 319 1744 erat
342 1680 564 1745 occidebatis:
586 1701 715 1767 gregem
735 1702 794 1742 au·
835 1676 910 1743 hcat
926 1677 1086 1743 civitatem
1104 1677 1136 1742 in
1152 1679 1379 1772 sanguinibus,

250 1779 315 1832 tem
331 1791 440 1833 meum
453 1791 519 1834 noa
535 1768 722 1856 pascebatis.
735 1767 789 1833 lt.
835 1779 867 1832 et
886 1778 1044 1855 praeparat
1070 1767 1183 1832 trahem
1208 1768 1241 1833 in
1262 1769 1381 1858 iniqui-

251 1855 303 1934 54.
326 1879 355 1920 2.
376 1857 407 1919 5.
836 1869 923 1932 tate,
947 1867 1008 1921 etc.
1032 1880 1065 1921 a.
1093 1879 1141 1920 ra.
1164 1857 1298 1923 Video.
1326 1861 1377 1923 15.

291 1943 346 2009 vae
362 1943 406 2007 eis
422 1941 611 2030 (Israelitis)
624 1945 793 2032 ,quoniam
834 1959 864 2008 et
887 1968 936 2031 ¹9·

249 2043 447 2098 recesserunt
459 2036 476 2094 a
489 2053 558 2096 me:
570 2032 792 2110 vastabuntur,
878 2033 954 2110 Vae,
971 2035 1024 2121 qui
1038 2034 1186 2100 habitatis
1200 2036 1381 2102 funiculum

248 2122 322 2210 quia
338 2119 533 2209 praevaricati
549 2131 624 2184 sunt
636 2121 668 2184 in
680 2143 750 2186 me:
761 2134 794 2185 et
835 2123 932 2187 maris
947 2173 955 2198 ,
971 2147 1049 2212 gens
1064 2125 1265 2212 perditorum
1280 2151 1292 2190 :
1309 2150 1381 2191 ver-

249 2233 308 2300 ego
331 2209 452 2274 redemi
469 2231 522 2272 cos
541 2219 599 2274 :et
615 2209 673 2297 ipsi
693 2208 793 2275 locuti
834 2209 912 2274 bum
933 2211 1062 2277 Domini
1080 2235 1175 2302 super
1195 2238 1273 2290 ros,
1294 2215 1378 2280 Cha·

249 2297 687 2366 sunteontramemendacia.
703 2299 794 2364 Osee
835 2323 918 2365 naen
938 2312 1024 2367 terra
1044 2299 1326 2379 philisthinorum,
1344 2317 1381 2367 et

249 2415 279 2477 7.
300 2390 348 2455 15.
835 2388 881 2455 dis
905 2391 1015 2456 ondam
1028 2402 1080 2466 ta,
1098 2405 1160 2457 etc.
1176 2390 1273 2479 Soph.
1291 2415 1322 2457 a.
1342 2396 1378 2458 5.

296 2478 336 2556 Α,
351 2502 382 2554 a,
396 2502 426 2555 a,
444 2477 505 2543 diei
517 2528 527 2556 ,
540 2477 612 2567 quia
629 2500 728 2582 prope
744 2488 793 2542 est
877 2414 949 2555 ia,
962 2479 1343 2569 provocatrix,otredem
1368 2522 1383 2532 —

250 2568 316 2635 dies
334 2568 486 2645 Domini,
507 2580 539 2632 et
577 2591 643 2632 uasr
664 2566 793 2631 vastitas
835 2569 1008 2644 toenites,
1026 2568 1186 2635 columba.
1205 2569 1277 2636 Non
1293 2506 1383 2636 audi·

249 2667 409 2748 apotentc
422 2656 537 2725 veniet.
552 2590 634 2722 bet.
656 2679 681 2720 r.
704 2658 751 2720 15.
834 2656 878 2722 vit
891 2681 1019 2734 vocem,
1035 2671 1068 2723 et
1085 2682 1149 2724 non
1166 2660 1308 2748 suscepit
1319 2660 1381 2725 dis·

293 2748 348 2814 Vae
363 2746 616 2814 desiderantibus
631 2745 714 2809 diam
731 2744 793 2809 Do-
835 2744 984 2835 ciplinam
1003 2773 1009 2807 :
1029 2748 1061 2812 in
1083 2748 1221 2815 Domino
1245 2762 1383 2815 nonest

249 2837 346 2901 mini:
365 2837 405 2900 ad
417 2834 494 2923 quid
510 2855 580 2896 cam
597 2834 709 2899 vohis?
725 2834 793 2899 dies
833 2836 978 2912 confisa,
1003 2836 1043 2901 ad
1067 2836 1170 2902 Deum
1197 2862 1294 2903 suam
1316 2862 1382 2904 non

250 2924 379 2989 Domini
394 2922 472 2997 ista,
495 2920 657 2997 tenebrae,
680 2936 712 2987 et
727 2946 791 2987 non
834 2924 1108 3080 appropinppuavit.
1129 2924 1220 2993 laid.
1242 2929 1274 2991 5.
1301 2952 1326 2992 a.
1349 2953 1378 2993 a.

249 3011 556 3075 iux.Anrns5.18.
833 3014 963 3078 Viden
1019 3015 1091 3080 och.
1112 3038 1141 3080 a.
1163 3041 1192 3102 7.

293 3096 348 3163 Vao
377 3094 679 3185 uiopulcntiestisin
693 3098 789 3180 Sion,
876 3101 931 3168 Vas
946 3103 1030 3180 tihi,
1047 3104 1225 3180 Corozain,
1241 3128 1288 3170 vae
1300 3104 1379 3181 tihi,

249 3120 448 3251 etcondditis
461 3186 610 3251 inmonte
620 3187 788 3255 Samariae:
833 3190 1026 3258 Bethsaida:
1044 3194 1138 3281 quia,
1162 3193 1187 3259 si
1211 3196 1243 3259 in
1263 3192 1376 3281 Tyro,

249 3275 416 3365 optimates
442 3274 544 3363 capita
569 3275 789 3365 populorum,
832 3293 864 3345 et
876 3280 995 3347 Sidone
1006 3282 1097 3348 saetae
1108 3295 1214 3349 essent
1224 3283 1379 3357 virtutes,

250 3364 460 3455 ingredientes
469 3367 649 3454 pompatice
658 3366 789 3433 domurn
832 3394 901 3457 quae
917 3371 1007 3435 iactae
1023 3384 1100 3436 sunt
1114 3372 1146 3437 in
1162 3371 1253 3437 vohis
1265 3421 1278 3447 ,
1300 3371 1381 3439 oiim

248 3454 355 3520 israeli.
373 3454 463 3519 Ibid.
480 3454 510 3519 6.
532 3479 556 3519 ι.
831 3460 863 3523 in
885 3458 1017 3535 cilicio,
1040 3472 1073 3525 ot
1093 3460 1202 3529 cinere
1217 3462 1382 3551 poeniten·

291 3542 575 3633 Vaequicogitatis
595 3544 729 3623 inutile,
757 3560 789 3613 et
831 3548 907 3613 tiam
926 3549 1072 3638 egissent.
1092 3550 1212 3616 Matris.
1243 3574 1292 3615 ιι.
1325 3575 1379 3617 aa.

245 3631 420 3718 operamini
438 3630 557 3698 maium
573 3634 603 3699 in
629 3634 788 3701 cubilibus
830 3636 925 3703 Idem
940 3634 1105 3703 verbatim
1122 3638 1270 3705 liabetur.
1297 3640 1379 3707 Luc.

245 3718 492 3787 vostris2inl'ucc
502 3724 655 3789 matutina
667 3724 787 3790 iaciunt
834 3750 884 3791 ao.
909 3728 958 3793 15.

244 3807 341 3897 illud,
350 3812 617 3899 qnonihmcontra
627 3812 730 3877 Deum
740 3827 787 3880 est
873 3814 928 3878 Vm
950 3816 1070 3882 mundo
1088 3824 1105 3881 a
1122 3816 1294 3882 scandalis.
1317 3818 1377 3884 tto-

243 3924 355 3967 manus
366 3924 488 3965 curtam.
501 3902 602 3971 Mica.
618 3923 646 3964 a.
663 3924 688 3966 r.
701 3902 731 3965 V
735 3904 787 3968 ide
829 3926 915 3967 cesse
932 3919 979 3970 est
992 3907 1077 3971 enim
1094 3908 1277 3971 ut'veniant
1288 3932 1377 3972 scan-

242 4018 268 4055 ‹·.
287 4009 315 4076 7.
337 4016 362 4055 1.
526 4006 537 4025 ·
829 3989 899 4056 daia
918 4018 925 4058 :
945 4008 1164 4061 verrrmtamra
1190 4021 1235 4061 vm
1254 3996 1373 4063 homini
