<?xml version="1.0" encoding="UTF-8"?>
<!DOCTYPE html PUBLIC "-//W3C//DTD XHTML 1.0 Transitional//EN"
    "http://www.w3.org/TR/xhtml1/DTD/xhtml1-transitional.dtd">
<html xmlns="http://www.w3.org/1999/xhtml" xml:lang="en" lang="en">
 <head>
  <title>
</title>
<meta http-equiv="Content-Type" content="text/html;charset=utf-8" />
  <meta name='ocr-system' content='tesseract 3.04.00' />
  <meta name='ocr-capabilities' content='ocr_page ocr_carea ocr_par ocr_line ocrx_word'/>
</head>
<body>
  <div class='ocr_page' id='page_1' title='image "./thesaurusbiblic01merzgoog_0499.png"; bbox 0 0 2967 4675; ppageno 0'>
   <div class='ocr_carea' id='block_1_1' title="bbox 147 349 1349 1246">
    <p class='ocr_par' dir='ltr' id='par_1_1' title="bbox 147 349 1349 1154">
     <span class='ocr_line' id='line_1_1' title="bbox 192 349 1282 444; baseline 0.006 -24"><span class='ocrx_word' id='word_1_1' title='bbox 192 353 304 420; x_wconf 72' lang='lat' dir='ltr'><strong>Virtus</strong></span> <span class='ocrx_word' id='word_1_2' title='bbox 322 355 353 440; x_wconf 90' lang='lat' dir='ltr'><strong>in</strong></span> <span class='ocrx_word' id='word_1_3' title='bbox 372 353 554 420; x_wconf 83' lang='lat' dir='ltr'><strong>infirmitate</strong></span> <span class='ocrx_word' id='word_1_4' title='bbox 571 357 694 444; x_wconf 79' lang='lat' dir='ltr'><strong>perfici-</strong></span> <span class='ocrx_word' id='word_1_5' title='bbox 783 356 823 418; x_wconf 84' lang='lat' dir='ltr'><strong>Et</strong></span> <span class='ocrx_word' id='word_1_6' title='bbox 836 373 985 435; x_wconf 53' lang='lat' dir='ltr'><strong>⁴orienes,</strong></span> <span class='ocrx_word' id='word_1_7' title='bbox 1011 356 1065 442; x_wconf 91' lang='lat' dir='ltr'><strong>qui</strong></span> <span class='ocrx_word' id='word_1_8' title='bbox 1092 349 1145 444; x_wconf 74' lang='lat' dir='ltr'><strong>pte</strong></span> <span class='ocrx_word' id='word_1_9' title='bbox 1171 359 1282 426; x_wconf 84' lang='lat' dir='ltr'><strong>volunt</strong></span> 
     </span>
     <span class='ocr_line' id='line_1_2' title="bbox 149 441 1281 536; baseline 0.006 -30"><span class='ocrx_word' id='word_1_10' title='bbox 149 455 210 508; x_wconf 92' lang='lat' dir='ltr'><strong>tur.</strong></span> <span class='ocrx_word' id='word_1_11' title='bbox 224 443 377 510; x_wconf 81' lang='lat' dir='ltr'>Libenter</span> <span class='ocrx_word' id='word_1_12' title='bbox 389 444 484 532; x_wconf 81' lang='lat' dir='ltr'><strong>igitur</strong></span> <span class='ocrx_word' id='word_1_13' title='bbox 494 443 654 534; x_wconf 84' lang='lat' dir='ltr'><strong>gloriabor</strong></span> <span class='ocrx_word' id='word_1_14' title='bbox 662 447 694 512; x_wconf 92' lang='lat' dir='ltr'><strong>in</strong></span> <span class='ocrx_word' id='word_1_15' title='bbox 739 444 844 510; x_wconf 79' lang='lat' dir='ltr'><strong>vivere</strong></span> <span class='ocrx_word' id='word_1_16' title='bbox 863 444 898 508; x_wconf 88' lang='lat' dir='ltr'><strong>in-</strong></span> <span class='ocrx_word' id='word_1_17' title='bbox 914 441 1042 508; x_wconf 86' lang='lat' dir='ltr'><strong>Christo</strong></span> <span class='ocrx_word' id='word_1_18' title='bbox 1058 444 1155 521; x_wconf 86' lang='lat' dir='ltr'><strong>Jesu,</strong></span> <span class='ocrx_word' id='word_1_19' title='bbox 1177 471 1281 536; x_wconf 85' lang='lat' dir='ltr'><strong>perse·</strong></span> 
     </span>
     <span class='ocr_line' id='line_1_3' title="bbox 149 531 1276 620; baseline 0.007 -24"><span class='ocrx_word' id='word_1_20' title='bbox 149 531 385 598; x_wconf 84' lang='lat' dir='ltr'><strong>infirmitatibus</strong></span> <span class='ocrx_word' id='word_1_21' title='bbox 397 533 489 608; x_wconf 87' lang='lat' dir='ltr'><strong>meis,</strong></span> <span class='ocrx_word' id='word_1_22' title='bbox 500 534 696 601; x_wconf 88' lang='lat' dir='ltr'><strong>utinbabitet</strong></span> <span class='ocrx_word' id='word_1_23' title='bbox 739 534 902 598; x_wconf 74' lang='lat' dir='ltr'><strong>cntionem</strong></span> <span class='ocrx_word' id='word_1_24' title='bbox 918 533 1089 620; x_wconf 89' lang='lat' dir='ltr'><strong>patientur.</strong></span> <span class='ocrx_word' id='word_1_25' title='bbox 1109 535 1162 602; x_wconf 87' lang='lat' dir='ltr'><strong>lb.</strong></span> <span class='ocrx_word' id='word_1_26' title='bbox 1180 539 1210 602; x_wconf 83' lang='lat'><strong>5.</strong></span> <span class='ocrx_word' id='word_1_27' title='bbox 1228 563 1276 604; x_wconf 78' lang='grc' dir='ltr'><strong>ιι.</strong></span> 
     </span>
     <span class='ocr_line' id='line_1_4' title="bbox 148 619 1339 716; baseline 0.009 -33"><span class='ocrx_word' id='word_1_28' title='bbox 148 621 180 684; x_wconf 91' lang='lat' dir='ltr'><strong>iu</strong></span> <span class='ocrx_word' id='word_1_29' title='bbox 204 643 257 684; x_wconf 89' lang='lat' dir='ltr'><strong>me</strong></span> <span class='ocrx_word' id='word_1_30' title='bbox 286 619 383 686; x_wconf 84' lang='lat' dir='ltr'><strong>virtus</strong></span> <span class='ocrx_word' id='word_1_31' title='bbox 406 621 535 688; x_wconf 79' lang='lat' dir='ltr'><strong>Christi.</strong></span> <span class='ocrx_word' id='word_1_32' title='bbox 562 623 697 713; x_wconf 79' lang='lat' dir='ltr'>Propter</span> <span class='ocrx_word' id='word_1_33' title='bbox 782 619 1281 716; x_wconf 58' lang='lat' dir='ltr'><strong>Videmusiesumpropterpas·</strong></span> <span class='ocrx_word' id='word_1_34' title='bbox 1335 628 1339 635; x_wconf 58' lang='lat'><strong>⁴</strong></span> 
     </span>
     <span class='ocr_line' id='line_1_5' title="bbox 147 707 1349 799; baseline 0.009 -28"><span class='ocrx_word' id='word_1_35' title='bbox 147 708 236 796; x_wconf 90' lang='lat' dir='ltr'><strong>quod</strong></span> <span class='ocrx_word' id='word_1_36' title='bbox 252 707 364 798; x_wconf 90' lang='lat' dir='ltr'><strong>placeo</strong></span> <span class='ocrx_word' id='word_1_37' title='bbox 379 709 457 776; x_wconf 90' lang='lat' dir='ltr'><strong>mibi</strong></span> <span class='ocrx_word' id='word_1_38' title='bbox 477 711 508 776; x_wconf 91' lang='lat' dir='ltr'><strong>in</strong></span> <span class='ocrx_word' id='word_1_39' title='bbox 530 711 695 780; x_wconf 77' lang='lat' dir='ltr'><strong>infirmita-</strong></span> <span class='ocrx_word' id='word_1_40' title='bbox 738 710 861 776; x_wconf 90' lang='lat' dir='ltr'><strong>sionem</strong></span> <span class='ocrx_word' id='word_1_41' title='bbox 874 711 1282 799; x_wconf 80' lang='lat' dir='ltr'><strong>mortis,gloribetlrouore</strong></span> <span class='ocrx_word' id='word_1_42' title='bbox 1346 712 1349 716; x_wconf 31' lang='lat'>⁸</span> 
     </span>
     <span class='ocr_line' id='line_1_6' title="bbox 149 795 1301 889; baseline 0.003 -29"><span class='ocrx_word' id='word_1_43' title='bbox 149 797 235 862; x_wconf 90' lang='lat' dir='ltr'><strong>tibus</strong></span> <span class='ocrx_word' id='word_1_44' title='bbox 256 799 351 874; x_wconf 82' lang='lat' dir='ltr'><strong>meis,</strong></span> <span class='ocrx_word' id='word_1_45' title='bbox 376 799 408 864; x_wconf 91' lang='lat' dir='ltr'><strong>iu</strong></span> <span class='ocrx_word' id='word_1_46' title='bbox 425 795 645 879; x_wconf 87' lang='lat' dir='ltr'><strong>contumeliis,</strong></span> <span class='ocrx_word' id='word_1_47' title='bbox 662 804 694 866; x_wconf 94' lang='lat' dir='ltr'><strong>in</strong></span> <span class='ocrx_word' id='word_1_48' title='bbox 740 811 940 864; x_wconf 91' lang='lat' dir='ltr'><strong>coronatum.</strong></span> <span class='ocrx_word' id='word_1_49' title='bbox 959 800 1060 864; x_wconf 80' lang='lat' dir='ltr'><strong>llebr.</strong></span> <span class='ocrx_word' id='word_1_50' title='bbox 1082 823 1111 864; x_wconf 81' lang='lat' dir='ltr'><strong>a.</strong></span> <span class='ocrx_word' id='word_1_51' title='bbox 1131 826 1164 889; x_wconf 92' lang='grc'><strong>9.</strong></span> <span class='ocrx_word' id='word_1_52' title='bbox 1298 869 1301 874; x_wconf 64' lang='grc'><strong>,</strong></span> 
     </span>
     <span class='ocr_line' id='line_1_7' title="bbox 149 887 1282 976; baseline 0.009 -27"><span class='ocrx_word' id='word_1_53' title='bbox 149 887 406 960; x_wconf 83' lang='lat' dir='ltr'><strong>necessitatibus,</strong></span> <span class='ocrx_word' id='word_1_54' title='bbox 425 888 457 952; x_wconf 95' lang='lat' dir='ltr'><strong>in</strong></span> <span class='ocrx_word' id='word_1_55' title='bbox 468 891 695 976; x_wconf 86' lang='lat' dir='ltr'><strong>persecutioni·</strong></span> <span class='ocrx_word' id='word_1_56' title='bbox 784 889 823 952; x_wconf 88' lang='lat' dir='ltr'><strong>Et</strong></span> <span class='ocrx_word' id='word_1_57' title='bbox 843 887 972 974; x_wconf 88' lang='lat' dir='ltr'><strong>quidem</strong></span> <span class='ocrx_word' id='word_1_58' title='bbox 991 893 1065 956; x_wconf 80' lang='lat' dir='ltr'><strong>cum</strong></span> <span class='ocrx_word' id='word_1_59' title='bbox 1084 903 1165 954; x_wconf 84' lang='lat' dir='ltr'><strong>esset</strong></span> <span class='ocrx_word' id='word_1_60' title='bbox 1184 891 1282 959; x_wconf 85' lang='lat' dir='ltr'><strong>Filius</strong></span> 
     </span>
     <span class='ocr_line' id='line_1_8' title="bbox 148 974 1282 1068; baseline 0.008 -31"><span class='ocrx_word' id='word_1_61' title='bbox 148 974 226 1050; x_wconf 86' lang='lat' dir='ltr'><strong>bus,</strong></span> <span class='ocrx_word' id='word_1_62' title='bbox 255 975 288 1039; x_wconf 94' lang='lat' dir='ltr'><strong>in</strong></span> <span class='ocrx_word' id='word_1_63' title='bbox 313 976 464 1064; x_wconf 83' lang='lat' dir='ltr'><strong>augustiis</strong></span> <span class='ocrx_word' id='word_1_64' title='bbox 475 1001 534 1067; x_wconf 92' lang='lat' dir='ltr'><strong>pro</strong></span> <span class='ocrx_word' id='word_1_65' title='bbox 548 979 692 1056; x_wconf 86' lang='lat' dir='ltr'><strong>Christo,</strong></span> <span class='ocrx_word' id='word_1_66' title='bbox 739 976 818 1052; x_wconf 87' lang='lat' dir='ltr'><strong>Dei,</strong></span> <span class='ocrx_word' id='word_1_67' title='bbox 833 976 943 1041; x_wconf 81' lang='lat' dir='ltr'><strong>didicit</strong></span> <span class='ocrx_word' id='word_1_68' title='bbox 954 999 993 1040; x_wconf 84' lang='lat' dir='ltr'><strong>ex</strong></span> <span class='ocrx_word' id='word_1_69' title='bbox 1004 977 1067 1052; x_wconf 89' lang='lat' dir='ltr'><strong>eis,</strong></span> <span class='ocrx_word' id='word_1_70' title='bbox 1086 1000 1156 1064; x_wconf 84' lang='lat' dir='ltr'><strong>quae</strong></span> <span class='ocrx_word' id='word_1_71' title='bbox 1172 1003 1282 1068; x_wconf 86' lang='lat' dir='ltr'><strong>passus</strong></span> 
     </span>
     <span class='ocr_line' id='line_1_9' title="bbox 148 1061 1277 1154; baseline 0.009 -28"><span class='ocrx_word' id='word_1_72' title='bbox 148 1074 208 1128; x_wconf 85' lang='lat' dir='ltr'><strong>ete.</strong></span> <span class='ocrx_word' id='word_1_73' title='bbox 225 1061 315 1130; x_wconf 85' lang='lat' dir='ltr'><strong>Ibid.</strong></span> <span class='ocrx_word' id='word_1_74' title='bbox 334 1087 382 1130; x_wconf 81' lang='lat' dir='ltr'><strong>rr.</strong></span> <span class='ocrx_word' id='word_1_75' title='bbox 399 1065 441 1154; x_wconf 77' lang='grc'><strong>9.</strong></span> <span class='ocrx_word' id='word_1_76' title='bbox 455 1090 502 1132; x_wconf 88' lang='grc' dir='ltr'><strong>ιο.</strong></span> <span class='ocrx_word' id='word_1_77' title='bbox 738 1064 1184 1141; x_wconf 83' lang='lat' dir='ltr'><strong>est‚obedientiam,etc.1b.</strong></span> <span class='ocrx_word' id='word_1_78' title='bbox 1200 1071 1229 1134; x_wconf 84' lang='lat'><strong>5.</strong></span> <span class='ocrx_word' id='word_1_79' title='bbox 1247 1074 1277 1136; x_wconf 91' lang='lat'><strong>8.</strong></span> 
     </span>
    </p>

    <p class='ocr_par' dir='ltr' id='par_1_2' title="bbox 193 1151 1282 1246">
     <span class='ocr_line' id='line_1_10' title="bbox 193 1151 1282 1246; baseline 0.006 -30"><span class='ocrx_word' id='word_1_80' title='bbox 193 1151 257 1218; x_wconf 89' lang='lat' dir='ltr'><strong>Sed</strong></span> <span class='ocrx_word' id='word_1_81' title='bbox 276 1155 439 1240; x_wconf 88' lang='lat' dir='ltr'><strong>quomodo</strong></span> <span class='ocrx_word' id='word_1_82' title='bbox 462 1167 540 1221; x_wconf 92' lang='lat' dir='ltr'><strong>tunc</strong></span> <span class='ocrx_word' id='word_1_83' title='bbox 567 1157 613 1232; x_wconf 91' lang='lat' dir='ltr'><strong>is,</strong></span> <span class='ocrx_word' id='word_1_84' title='bbox 639 1158 694 1246; x_wconf 89' lang='lat' dir='ltr'><strong>qui</strong></span> <span class='ocrx_word' id='word_1_85' title='bbox 784 1151 845 1218; x_wconf 84' lang='lat' dir='ltr'><strong>Alii</strong></span> <span class='ocrx_word' id='word_1_86' title='bbox 860 1159 935 1218; x_wconf 85' lang='lat' dir='ltr'><strong>verb</strong></span> <span class='ocrx_word' id='word_1_87' title='bbox 950 1151 1086 1219; x_wconf 89' lang='lat' dir='ltr'><strong>ludibria</strong></span> <span class='ocrx_word' id='word_1_88' title='bbox 1102 1167 1135 1218; x_wconf 91' lang='lat' dir='ltr'><strong>et</strong></span> <span class='ocrx_word' id='word_1_89' title='bbox 1151 1157 1282 1223; x_wconf 84' lang='lat' dir='ltr'><strong>verbera</strong></span> 
     </span>
    </p>
   </div>
   <div class='ocr_carea' id='block_1_2' title="bbox 28 1240 1284 1332">
    <p class='ocr_par' dir='ltr' id='par_1_3' title="bbox 28 1240 1284 1332">
     <span class='ocr_line' id='line_1_11' title="bbox 28 1240 1284 1332; baseline 0.002 -24"><span class='ocrx_word' id='word_1_90' title='bbox 28 1277 29 1308; x_wconf 73' lang='lat'>1</span> <span class='ocrx_word' id='word_1_91' title='bbox 147 1240 564 1311; x_wconf 83' lang='lat' dir='ltr'><strong>secuudhmcarnemnatus</strong></span> <span class='ocrx_word' id='word_1_92' title='bbox 577 1248 693 1332; x_wconf 83' lang='lat' dir='ltr'><strong>suerat,</strong></span> <span class='ocrx_word' id='word_1_93' title='bbox 738 1243 884 1331; x_wconf 82' lang='lat' dir='ltr'><strong>experti,</strong></span> <span class='ocrx_word' id='word_1_94' title='bbox 906 1242 1035 1330; x_wconf 82' lang='lat' dir='ltr'><strong>insuper</strong></span> <span class='ocrx_word' id='word_1_95' title='bbox 1054 1256 1086 1307; x_wconf 87' lang='lat' dir='ltr'><strong>et</strong></span> <span class='ocrx_word' id='word_1_96' title='bbox 1105 1242 1231 1310; x_wconf 80' lang='lat' dir='ltr'><strong>vincula</strong></span> <span class='ocrx_word' id='word_1_97' title='bbox 1250 1259 1284 1311; x_wconf 86' lang='lat' dir='ltr'><strong>et</strong></span> 
     </span>
    </p>
   </div>
   <div class='ocr_carea' id='block_1_3' title="bbox 146 1329 1281 2311">
    <p class='ocr_par' dir='ltr' id='par_1_4' title="bbox 146 1329 1281 1596">
     <span class='ocr_line' id='line_1_12' title="bbox 146 1329 1281 1421; baseline 0.005 -27"><span class='ocrx_word' id='word_1_98' title='bbox 146 1331 400 1418; x_wconf 88' lang='lat' dir='ltr'><strong>persequebatur</strong></span> <span class='ocrx_word' id='word_1_99' title='bbox 411 1356 505 1408; x_wconf 87' lang='lat' dir='ltr'><strong>euru,</strong></span> <span class='ocrx_word' id='word_1_100' title='bbox 519 1335 572 1421; x_wconf 90' lang='lat' dir='ltr'><strong>qui</strong></span> <span class='ocrx_word' id='word_1_101' title='bbox 582 1345 694 1412; x_wconf 83' lang='lat' dir='ltr'><strong>secun·</strong></span> <span class='ocrx_word' id='word_1_102' title='bbox 738 1352 906 1396; x_wconf 78' lang='lat' dir='ltr'>carceres:</span> <span class='ocrx_word' id='word_1_103' title='bbox 933 1329 1062 1419; x_wconf 87' lang='lat' dir='ltr'><strong>lapidati</strong></span> <span class='ocrx_word' id='word_1_104' title='bbox 1085 1344 1178 1407; x_wconf 91' lang='lat' dir='ltr'><strong>sunt,</strong></span> <span class='ocrx_word' id='word_1_105' title='bbox 1203 1336 1281 1400; x_wconf 88' lang='lat' dir='ltr'><strong>secti</strong></span> 
     </span>
     <span class='ocr_line' id='line_1_13' title="bbox 147 1417 1281 1508; baseline 0.003 -26"><span class='ocrx_word' id='word_1_106' title='bbox 147 1417 690 1508; x_wconf 74' lang='lat' dir='ltr'><strong>dumspiritum2itietnunc.Gal.</strong></span> <span class='ocrx_word' id='word_1_107' title='bbox 738 1431 836 1496; x_wconf 83' lang='lat' dir='ltr'><strong>suut,</strong></span> <span class='ocrx_word' id='word_1_108' title='bbox 871 1420 985 1484; x_wconf 89' lang='lat' dir='ltr'><strong>tentati</strong></span> <span class='ocrx_word' id='word_1_109' title='bbox 1019 1432 1114 1495; x_wconf 90' lang='lat' dir='ltr'><strong>sunt,</strong></span> <span class='ocrx_word' id='word_1_110' title='bbox 1153 1432 1214 1485; x_wconf 90' lang='lat' dir='ltr'><strong>etc.</strong></span> <span class='ocrx_word' id='word_1_111' title='bbox 1239 1461 1281 1472; x_wconf 84' lang='lat'><strong>—-</strong></span> 
     </span>
     <span class='ocr_line' id='line_1_14' title="bbox 146 1508 1280 1596; baseline 0.004 -25"><span class='ocrx_word' id='word_1_112' title='bbox 146 1509 178 1586; x_wconf 93' lang='grc'><strong>4.</strong></span> <span class='ocrx_word' id='word_1_113' title='bbox 200 1531 251 1596; x_wconf 72' lang='lat'><strong>29·</strong></span> <span class='ocrx_word' id='word_1_114' title='bbox 739 1508 897 1596; x_wconf 80' lang='lat' dir='ltr'><strong>ligantes,</strong></span> <span class='ocrx_word' id='word_1_115' title='bbox 924 1509 1113 1596; x_wconf 85' lang='lat' dir='ltr'><strong>angustiati,</strong></span> <span class='ocrx_word' id='word_1_116' title='bbox 1145 1509 1280 1575; x_wconf 89' lang='lat' dir='ltr'><strong>alllicti:</strong></span> 
     </span>
    </p>

    <p class='ocr_par' dir='ltr' id='par_1_5' title="bbox 146 1595 1281 1954">
     <span class='ocr_line' id='line_1_15' title="bbox 193 1595 1281 1689; baseline 0.003 -29"><span class='ocrx_word' id='word_1_117' title='bbox 193 1595 277 1676; x_wconf 88' lang='lat' dir='ltr'><strong>Quia</strong></span> <span class='ocrx_word' id='word_1_118' title='bbox 294 1596 384 1664; x_wconf 85' lang='lat' dir='ltr'><strong>vobis</strong></span> <span class='ocrx_word' id='word_1_119' title='bbox 400 1596 555 1664; x_wconf 87' lang='lat' dir='ltr'><strong>donatum</strong></span> <span class='ocrx_word' id='word_1_120' title='bbox 572 1612 620 1666; x_wconf 90' lang='lat' dir='ltr'><strong>cst</strong></span> <span class='ocrx_word' id='word_1_121' title='bbox 634 1623 693 1689; x_wconf 92' lang='lat' dir='ltr'><strong>pro</strong></span> <span class='ocrx_word' id='word_1_122' title='bbox 759 1597 853 1662; x_wconf 91' lang='lat' dir='ltr'><strong>uibus</strong></span> <span class='ocrx_word' id='word_1_123' title='bbox 876 1596 989 1684; x_wconf 77' lang='lat' dir='ltr'><strong>dignus</strong></span> <span class='ocrx_word' id='word_1_124' title='bbox 1010 1619 1075 1661; x_wconf 90' lang='lat' dir='ltr'><strong>non</strong></span> <span class='ocrx_word' id='word_1_125' title='bbox 1096 1610 1165 1662; x_wconf 88' lang='lat' dir='ltr'><strong>erat</strong></span> <span class='ocrx_word' id='word_1_126' title='bbox 1185 1619 1281 1663; x_wconf 89' lang='lat' dir='ltr'><strong>mun—</strong></span> 
     </span>
     <span class='ocr_line' id='line_1_16' title="bbox 148 1620 758 1761; baseline 0.01 -11"><span class='ocrx_word' id='word_1_127' title='bbox 148 1683 300 1761; x_wconf 88' lang='lat' dir='ltr'><strong>Christo,</strong></span> <span class='ocrx_word' id='word_1_128' title='bbox 318 1709 383 1750; x_wconf 92' lang='lat' dir='ltr'><strong>non</strong></span> <span class='ocrx_word' id='word_1_129' title='bbox 403 1685 505 1752; x_wconf 85' lang='lat' dir='ltr'><strong>solbm</strong></span> <span class='ocrx_word' id='word_1_130' title='bbox 519 1701 554 1753; x_wconf 93' lang='lat' dir='ltr'><strong>ut</strong></span> <span class='ocrx_word' id='word_1_131' title='bbox 570 1689 602 1754; x_wconf 90' lang='lat' dir='ltr'><strong>in</strong></span> <span class='ocrx_word' id='word_1_132' title='bbox 618 1714 692 1756; x_wconf 89' lang='lat' dir='ltr'><strong>eum</strong></span> <span class='ocrx_word' id='word_1_133' title='bbox 737 1620 758 1748; x_wconf 69' lang='lat' dir='ltr'><strong>d</strong></span> 
     </span>
     <span class='ocr_line' id='line_1_17' title="bbox 147 1773 1281 1865; baseline 0.003 -28"><span class='ocrx_word' id='word_1_134' title='bbox 147 1773 305 1850; x_wconf 85' lang='lat' dir='ltr'><strong>credatis,</strong></span> <span class='ocrx_word' id='word_1_135' title='bbox 323 1774 378 1840; x_wconf 88' lang='lat' dir='ltr'><strong>sed</strong></span> <span class='ocrx_word' id='word_1_136' title='bbox 396 1787 431 1839; x_wconf 91' lang='lat' dir='ltr'><strong>ut</strong></span> <span class='ocrx_word' id='word_1_137' title='bbox 451 1776 548 1842; x_wconf 87' lang='lat' dir='ltr'><strong>etiam</strong></span> <span class='ocrx_word' id='word_1_138' title='bbox 562 1801 622 1865; x_wconf 94' lang='lat' dir='ltr'><strong>pro</strong></span> <span class='ocrx_word' id='word_1_139' title='bbox 639 1777 693 1843; x_wconf 94' lang='lat' dir='ltr'><strong>illo</strong></span> <span class='ocrx_word' id='word_1_140' title='bbox 783 1774 879 1856; x_wconf 80' lang='lat' dir='ltr'><strong>Quod</strong></span> <span class='ocrx_word' id='word_1_141' title='bbox 908 1776 934 1839; x_wconf 94' lang='lat' dir='ltr'><strong>si</strong></span> <span class='ocrx_word' id='word_1_142' title='bbox 964 1786 1052 1838; x_wconf 87' lang='lat' dir='ltr'><strong>extra</strong></span> <span class='ocrx_word' id='word_1_143' title='bbox 1080 1774 1281 1863; x_wconf 78' lang='lat' dir='ltr'><strong>disciplinam</strong></span> 
     </span>
     <span class='ocr_line' id='line_1_18' title="bbox 146 1861 1279 1954; baseline 0.001 -27"><span class='ocrx_word' id='word_1_144' title='bbox 146 1861 324 1950; x_wconf 84' lang='lat' dir='ltr'><strong>patiamini.</strong></span> <span class='ocrx_word' id='word_1_145' title='bbox 343 1862 459 1952; x_wconf 80' lang='lat' dir='ltr'><strong>Philip</strong></span> <span class='ocrx_word' id='word_1_146' title='bbox 483 1913 491 1930; x_wconf 93' lang='lat'><strong>.</strong></span> <span class='ocrx_word' id='word_1_147' title='bbox 512 1891 539 1932; x_wconf 91' lang='grc' dir='ltr'><strong>ι.</strong></span> <span class='ocrx_word' id='word_1_148' title='bbox 561 1891 611 1954; x_wconf 78' lang='grc' dir='ltr'><strong>ι9.</strong></span> <span class='ocrx_word' id='word_1_149' title='bbox 737 1863 839 1938; x_wconf 85' lang='lat' dir='ltr'><strong>estis,</strong></span> <span class='ocrx_word' id='word_1_150' title='bbox 875 1864 967 1951; x_wconf 86' lang='lat' dir='ltr'><strong>cujus</strong></span> <span class='ocrx_word' id='word_1_151' title='bbox 1004 1863 1175 1952; x_wconf 75' lang='lat' dir='ltr'><strong>participes</strong></span> <span class='ocrx_word' id='word_1_152' title='bbox 1203 1864 1279 1930; x_wconf 87' lang='lat' dir='ltr'><strong>sacti</strong></span> 
     </span>
    </p>

    <p class='ocr_par' dir='ltr' id='par_1_6' title="bbox 146 1949 1280 2311">
     <span class='ocr_line' id='line_1_19' title="bbox 193 1949 1280 2042; baseline 0.004 -28"><span class='ocrx_word' id='word_1_153' title='bbox 193 1949 257 2030; x_wconf 89' lang='lat' dir='ltr'><strong>Qui</strong></span> <span class='ocrx_word' id='word_1_154' title='bbox 275 1973 361 2018; x_wconf 90' lang='lat' dir='ltr'><strong>nunc</strong></span> <span class='ocrx_word' id='word_1_155' title='bbox 398 1975 437 2017; x_wconf 88' lang='lat' dir='ltr'><strong>au</strong></span> <span class='ocrx_word' id='word_1_156' title='bbox 462 1977 500 2019; x_wconf 91' lang='lat' dir='ltr'><strong>eo</strong></span> <span class='ocrx_word' id='word_1_157' title='bbox 523 1955 555 2019; x_wconf 95' lang='lat' dir='ltr'><strong>in</strong></span> <span class='ocrx_word' id='word_1_158' title='bbox 572 1957 692 2042; x_wconf 87' lang='lat' dir='ltr'><strong>passio·</strong></span> <span class='ocrx_word' id='word_1_159' title='bbox 736 1967 810 2017; x_wconf 80' lang='lat' dir='ltr'><strong>strnt</strong></span> <span class='ocrx_word' id='word_1_160' title='bbox 824 1975 960 2018; x_wconf 87' lang='lat' dir='ltr'><strong>omnes:</strong></span> <span class='ocrx_word' id='word_1_161' title='bbox 984 1959 1060 2040; x_wconf 79' lang='lat' dir='ltr'><strong>ergo</strong></span> <span class='ocrx_word' id='word_1_162' title='bbox 1075 1952 1230 2029; x_wconf 81' lang='lat' dir='ltr'><strong>adulteri,</strong></span> <span class='ocrx_word' id='word_1_163' title='bbox 1247 1967 1280 2018; x_wconf 87' lang='lat' dir='ltr'><strong>et</strong></span> 
     </span>
     <span class='ocr_line' id='line_1_20' title="bbox 147 1976 1279 2134; baseline 0.004 -32"><span class='ocrx_word' id='word_1_164' title='bbox 147 2038 242 2104; x_wconf 92' lang='lat' dir='ltr'><strong>nibus</strong></span> <span class='ocrx_word' id='word_1_165' title='bbox 261 2062 321 2128; x_wconf 90' lang='lat' dir='ltr'><strong>pro</strong></span> <span class='ocrx_word' id='word_1_166' title='bbox 345 1976 454 2118; x_wconf 71' lang='lat' dir='ltr'><strong>vobis,</strong></span> <span class='ocrx_word' id='word_1_167' title='bbox 478 2055 510 2108; x_wconf 91' lang='lat' dir='ltr'><strong>et</strong></span> <span class='ocrx_word' id='word_1_168' title='bbox 531 2043 691 2134; x_wconf 79' lang='lat' dir='ltr'><strong>adimpleo</strong></span> <span class='ocrx_word' id='word_1_169' title='bbox 735 2063 799 2107; x_wconf 91' lang='lat' dir='ltr'><strong>non</strong></span> <span class='ocrx_word' id='word_1_170' title='bbox 812 2041 961 2108; x_wconf 85' lang='lat' dir='ltr'><strong>filiiestis.</strong></span> <span class='ocrx_word' id='word_1_171' title='bbox 976 2042 1067 2107; x_wconf 70' lang='lat' dir='ltr'><strong>ttici.</strong></span> <span class='ocrx_word' id='word_1_172' title='bbox 1089 2065 1136 2107; x_wconf 82' lang='lat' dir='ltr'><strong>rr.</strong></span> <span class='ocrx_word' id='word_1_173' title='bbox 1154 2045 1185 2107; x_wconf 90' lang='lat'><strong>8.</strong></span> <span class='ocrx_word' id='word_1_174' title='bbox 1202 2041 1279 2107; x_wconf 89' lang='lat' dir='ltr'><strong>Om-</strong></span> 
     </span>
     <span class='ocr_line' id='line_1_21' title="bbox 146 2128 1280 2233; baseline 0.005 -43"><span class='ocrx_word' id='word_1_175' title='bbox 146 2149 210 2202; x_wconf 90' lang='lat' dir='ltr'><strong>ea,</strong></span> <span class='ocrx_word' id='word_1_176' title='bbox 247 2151 317 2233; x_wconf 71' lang='lat' dir='ltr'><strong>‹puae</strong></span> <span class='ocrx_word' id='word_1_177' title='bbox 353 2128 468 2195; x_wconf 81' lang='lat' dir='ltr'><strong>desunt</strong></span> <span class='ocrx_word' id='word_1_178' title='bbox 507 2135 690 2221; x_wconf 85' lang='lat' dir='ltr'><strong>passionum</strong></span> <span class='ocrx_word' id='word_1_179' title='bbox 735 2130 783 2195; x_wconf 91' lang='lat' dir='ltr'><strong>nis</strong></span> <span class='ocrx_word' id='word_1_180' title='bbox 808 2144 915 2196; x_wconf 87' lang='lat' dir='ltr'><strong>autem</strong></span> <span class='ocrx_word' id='word_1_181' title='bbox 938 2129 1122 2218; x_wconf 87' lang='lat' dir='ltr'><strong>disciplina,</strong></span> <span class='ocrx_word' id='word_1_182' title='bbox 1145 2132 1177 2195; x_wconf 94' lang='lat' dir='ltr'><strong>in</strong></span> <span class='ocrx_word' id='word_1_183' title='bbox 1195 2154 1280 2220; x_wconf 61' lang='lat' dir='ltr'><strong>prae⁴</strong></span> 
     </span>
     <span class='ocr_line' id='line_1_22' title="bbox 146 2214 1280 2311; baseline 0.006 -32"><span class='ocrx_word' id='word_1_184' title='bbox 146 2214 290 2292; x_wconf 80' lang='lat' dir='ltr'><strong>Christi,</strong></span> <span class='ocrx_word' id='word_1_185' title='bbox 316 2216 347 2283; x_wconf 94' lang='lat' dir='ltr'><strong>in</strong></span> <span class='ocrx_word' id='word_1_186' title='bbox 377 2243 474 2285; x_wconf 90' lang='lat' dir='ltr'><strong>carne</strong></span> <span class='ocrx_word' id='word_1_187' title='bbox 504 2227 598 2300; x_wconf 78' lang='lat' dir='ltr'><strong>mei,</strong></span> <span class='ocrx_word' id='word_1_188' title='bbox 631 2247 690 2311; x_wconf 93' lang='lat' dir='ltr'><strong>pro</strong></span> <span class='ocrx_word' id='word_1_189' title='bbox 734 2221 814 2285; x_wconf 90' lang='lat' dir='ltr'><strong>senti</strong></span> <span class='ocrx_word' id='word_1_190' title='bbox 839 2217 970 2308; x_wconf 90' lang='lat' dir='ltr'><strong>quidem</strong></span> <span class='ocrx_word' id='word_1_191' title='bbox 988 2219 1114 2284; x_wconf 84' lang='lat' dir='ltr'><strong>videtur</strong></span> <span class='ocrx_word' id='word_1_192' title='bbox 1129 2242 1193 2285; x_wconf 91' lang='lat' dir='ltr'><strong>non</strong></span> <span class='ocrx_word' id='word_1_193' title='bbox 1209 2243 1280 2286; x_wconf 86' lang='lat' dir='ltr'><strong>esse</strong></span> 
     </span>
    </p>
   </div>
   <div class='ocr_carea' id='block_1_4' title="bbox 145 2306 1277 2461">
    <p class='ocr_par' dir='ltr' id='par_1_7' title="bbox 145 2306 1277 2461">
     <span class='ocr_line' id='line_1_23' title="bbox 145 2306 1277 2461; baseline 0.004 -92"><span class='ocrx_word' id='word_1_194' title='bbox 145 2327 279 2461; x_wconf 87' lang='lat' dir='ltr'><strong>corpore</strong></span> <span class='ocrx_word' id='word_1_195' title='bbox 288 2307 369 2396; x_wconf 87' lang='lat' dir='ltr'><strong>ejus,</strong></span> <span class='ocrx_word' id='word_1_196' title='bbox 380 2310 466 2398; x_wconf 90' lang='lat' dir='ltr'><strong>quod</strong></span> <span class='ocrx_word' id='word_1_197' title='bbox 475 2322 523 2375; x_wconf 87' lang='lat' dir='ltr'><strong>est</strong></span> <span class='ocrx_word' id='word_1_198' title='bbox 533 2311 686 2379; x_wconf 83' lang='lat' dir='ltr'><strong>Ecclesia.</strong></span> <span class='ocrx_word' id='word_1_199' title='bbox 733 2308 859 2397; x_wconf 80' lang='lat' dir='ltr'><strong>gaudii,</strong></span> <span class='ocrx_word' id='word_1_200' title='bbox 888 2306 944 2374; x_wconf 88' lang='lat' dir='ltr'><strong>sed</strong></span> <span class='ocrx_word' id='word_1_201' title='bbox 967 2307 1139 2374; x_wconf 84' lang='lat' dir='ltr'><strong>moeroris:</strong></span> <span class='ocrx_word' id='word_1_202' title='bbox 1169 2316 1277 2397; x_wconf 75' lang='lat' dir='ltr'><strong>postea</strong></span> 
     </span>
    </p>
   </div>
   <div class='ocr_carea' id='block_1_5' title="bbox 144 2394 1278 2841">
    <p class='ocr_par' dir='ltr' id='par_1_8' title="bbox 145 2394 1277 2484">
     <span class='ocr_line' id='line_1_24' title="bbox 145 2394 1277 2484; baseline 0.003 -25"><span class='ocrx_word' id='word_1_203' title='bbox 145 2394 193 2459; x_wconf 84' lang='lat' dir='ltr'><strong>Co</strong></span> <span class='ocrx_word' id='word_1_204' title='bbox 207 2418 265 2462; x_wconf 83' lang='lat' dir='ltr'><strong>oss.</strong></span> <span class='ocrx_word' id='word_1_205' title='bbox 286 2420 312 2462; x_wconf 95' lang='grc' dir='ltr'><strong>ι.</strong></span> <span class='ocrx_word' id='word_1_206' title='bbox 333 2400 384 2479; x_wconf 72' lang='lat' dir='ltr'><strong>sd.</strong></span> <span class='ocrx_word' id='word_1_207' title='bbox 722 2410 842 2463; x_wconf 84' lang='lat' dir='ltr'><strong>¹nutem</strong></span> <span class='ocrx_word' id='word_1_208' title='bbox 871 2398 1012 2463; x_wconf 80' lang='lat' dir='ltr'><strong>fructum</strong></span> <span class='ocrx_word' id='word_1_209' title='bbox 1040 2398 1277 2484; x_wconf 87' lang='lat' dir='ltr'><strong>paratissimum</strong></span> 
     </span>
    </p>

    <p class='ocr_par' dir='ltr' id='par_1_9' title="bbox 144 2484 1278 2841">
     <span class='ocr_line' id='line_1_25' title="bbox 189 2484 1278 2573; baseline 0.001 -25"><span class='ocrx_word' id='word_1_210' title='bbox 189 2486 229 2548; x_wconf 85' lang='lat' dir='ltr'><strong>Et</strong></span> <span class='ocrx_word' id='word_1_211' title='bbox 244 2508 299 2550; x_wconf 87' lang='lat' dir='ltr'><strong>vos</strong></span> <span class='ocrx_word' id='word_1_212' title='bbox 313 2486 488 2553; x_wconf 86' lang='lat' dir='ltr'><strong>imitatores</strong></span> <span class='ocrx_word' id='word_1_213' title='bbox 501 2500 600 2555; x_wconf 90' lang='lat' dir='ltr'><strong>nostrt</strong></span> <span class='ocrx_word' id='word_1_214' title='bbox 614 2491 690 2557; x_wconf 86' lang='lat' dir='ltr'><strong>facti</strong></span> <span class='ocrx_word' id='word_1_215' title='bbox 733 2486 912 2551; x_wconf 86' lang='lat' dir='ltr'><strong>exercitatis</strong></span> <span class='ocrx_word' id='word_1_216' title='bbox 924 2508 981 2573; x_wconf 87' lang='lat' dir='ltr'><strong>per</strong></span> <span class='ocrx_word' id='word_1_217' title='bbox 998 2507 1070 2549; x_wconf 89' lang='lat' dir='ltr'><strong>eam</strong></span> <span class='ocrx_word' id='word_1_218' title='bbox 1086 2484 1197 2550; x_wconf 83' lang='lat' dir='ltr'><strong>reddet</strong></span> <span class='ocrx_word' id='word_1_219' title='bbox 1215 2486 1278 2571; x_wconf 87' lang='lat' dir='ltr'><strong>jus-</strong></span> 
     </span>
     <span class='ocr_line' id='line_1_26' title="bbox 144 2572 1275 2666; baseline 0.004 -32"><span class='ocrx_word' id='word_1_220' title='bbox 144 2572 239 2647; x_wconf 89' lang='lat' dir='ltr'><strong>estis,</strong></span> <span class='ocrx_word' id='word_1_221' title='bbox 266 2586 298 2637; x_wconf 88' lang='lat' dir='ltr'><strong>et</strong></span> <span class='ocrx_word' id='word_1_222' title='bbox 321 2572 470 2652; x_wconf 87' lang='lat' dir='ltr'><strong>Domini,</strong></span> <span class='ocrx_word' id='word_1_223' title='bbox 496 2579 689 2666; x_wconf 84' lang='lat' dir='ltr'><strong>excipientes</strong></span> <span class='ocrx_word' id='word_1_224' title='bbox 732 2574 817 2639; x_wconf 73' lang='lat' dir='ltr'><strong>titire.</strong></span> <span class='ocrx_word' id='word_1_225' title='bbox 837 2599 870 2639; x_wconf 86' lang='lat' dir='ltr'><strong>o.</strong></span> <span class='ocrx_word' id='word_1_226' title='bbox 895 2597 944 2637; x_wconf 89' lang='grc' dir='ltr'><strong>ιι.</strong></span> <span class='ocrx_word' id='word_1_227' title='bbox 965 2573 997 2634; x_wconf 87' lang='lat' dir='ltr'><em>V</em></span> <span class='ocrx_word' id='word_1_228' title='bbox 998 2573 1051 2637; x_wconf 74' lang='lat' dir='ltr'><strong>ide</strong></span> <span class='ocrx_word' id='word_1_229' title='bbox 1064 2598 1097 2638; x_wconf 88' lang='lat' dir='ltr'><strong>o.</strong></span> <span class='ocrx_word' id='word_1_230' title='bbox 1118 2596 1148 2637; x_wconf 71' lang='grc' dir='ltr'><strong>ι.</strong></span> <span class='ocrx_word' id='word_1_231' title='bbox 1167 2589 1197 2637; x_wconf 77' lang='lat' dir='ltr'><strong>et</strong></span> <span class='ocrx_word' id='word_1_232' title='bbox 1210 2595 1275 2659; x_wconf 77' lang='lat' dir='ltr'><strong>seq.</strong></span> 
     </span>
     <span class='ocr_line' id='line_1_27' title="bbox 145 2659 1274 2750; baseline 0 -25"><span class='ocrx_word' id='word_1_233' title='bbox 145 2659 280 2725; x_wconf 90' lang='lat' dir='ltr'><strong>verbum</strong></span> <span class='ocrx_word' id='word_1_234' title='bbox 296 2662 329 2727; x_wconf 93' lang='lat' dir='ltr'><strong>iu</strong></span> <span class='ocrx_word' id='word_1_235' title='bbox 346 2663 550 2731; x_wconf 84' lang='lat' dir='ltr'><strong>tribulatione</strong></span> <span class='ocrx_word' id='word_1_236' title='bbox 568 2665 687 2743; x_wconf 79' lang='lat' dir='ltr'><strong>multa,</strong></span> <span class='ocrx_word' id='word_1_237' title='bbox 778 2662 883 2728; x_wconf 89' lang='lat' dir='ltr'><strong>Omne</strong></span> <span class='ocrx_word' id='word_1_238' title='bbox 902 2659 1055 2750; x_wconf 80' lang='lat' dir='ltr'><strong>gaudium</strong></span> <span class='ocrx_word' id='word_1_239' title='bbox 1078 2661 1274 2737; x_wconf 73' lang='lat' dir='ltr'><strong>existimate,</strong></span> 
     </span>
     <span class='ocr_line' id='line_1_28' title="bbox 144 2749 1275 2841; baseline 0.001 -27"><span class='ocrx_word' id='word_1_240' title='bbox 144 2772 219 2815; x_wconf 89' lang='lat' dir='ltr'><strong>cum</strong></span> <span class='ocrx_word' id='word_1_241' title='bbox 232 2749 349 2838; x_wconf 87' lang='lat' dir='ltr'><strong>gaudio</strong></span> <span class='ocrx_word' id='word_1_242' title='bbox 362 2750 498 2841; x_wconf 76' lang='lat' dir='ltr'><strong>Spiritus</strong></span> <span class='ocrx_word' id='word_1_243' title='bbox 515 2752 635 2821; x_wconf 85' lang='lat' dir='ltr'><strong>Sancti.</strong></span> <span class='ocrx_word' id='word_1_244' title='bbox 658 2781 685 2821; x_wconf 92' lang='grc' dir='ltr'><strong>ι.</strong></span> <span class='ocrx_word' id='word_1_245' title='bbox 735 2754 846 2820; x_wconf 81' lang='lat' dir='ltr'><strong>iratres</strong></span> <span class='ocrx_word' id='word_1_246' title='bbox 869 2751 951 2827; x_wconf 86' lang='lat' dir='ltr'><strong>mei,</strong></span> <span class='ocrx_word' id='word_1_247' title='bbox 979 2755 1054 2815; x_wconf 82' lang='lat' dir='ltr'><strong>clun</strong></span> <span class='ocrx_word' id='word_1_248' title='bbox 1075 2751 1107 2814; x_wconf 93' lang='lat' dir='ltr'><strong>in</strong></span> <span class='ocrx_word' id='word_1_249' title='bbox 1130 2750 1275 2815; x_wconf 88' lang='lat' dir='ltr'><strong>tentatio·</strong></span> 
     </span>
    </p>
   </div>
   <div class='ocr_carea' id='block_1_6' title="bbox 32 2836 1274 2912">
    <p class='ocr_par' dir='ltr' id='par_1_10' title="bbox 32 2836 1274 2912">
     <span class='ocr_line' id='line_1_29' title="bbox 32 2836 1274 2912; baseline 0.002 -9"><span class='ocrx_word' id='word_1_250' title='bbox 32 2841 36 2850; x_wconf 92' lang='lat'>&#39;</span> <span class='ocrx_word' id='word_1_251' title='bbox 147 2836 254 2904; x_wconf 80' lang='lat' dir='ltr'><strong>Thess.</strong></span> <span class='ocrx_word' id='word_1_252' title='bbox 275 2863 300 2905; x_wconf 92' lang='grc' dir='ltr'><strong>ι.</strong></span> <span class='ocrx_word' id='word_1_253' title='bbox 321 2842 352 2906; x_wconf 95' lang='grc'><strong>6.</strong></span> <span class='ocrx_word' id='word_1_254' title='bbox 733 2868 789 2909; x_wconf 89' lang='lat' dir='ltr'><strong>nes</strong></span> <span class='ocrx_word' id='word_1_255' title='bbox 805 2840 906 2906; x_wconf 85' lang='lat' dir='ltr'><strong>varias</strong></span> <span class='ocrx_word' id='word_1_256' title='bbox 920 2837 1106 2906; x_wconf 83' lang='lat' dir='ltr'><strong>incideritis:</strong></span> <span class='ocrx_word' id='word_1_257' title='bbox 1121 2838 1274 2912; x_wconf 86' lang='lat' dir='ltr'><strong>scientes,</strong></span> 
     </span>
    </p>
   </div>
   <div class='ocr_carea' id='block_1_7' title="bbox 144 2918 1276 3111">
    <p class='ocr_par' dir='ltr' id='par_1_11' title="bbox 144 2918 1276 3111">
     <span class='ocr_line' id='line_1_30' title="bbox 191 2918 1276 3022; baseline 0.004 -31"><span class='ocrx_word' id='word_1_258' title='bbox 191 2927 238 2992; x_wconf 83' lang='lat' dir='ltr'><strong>lu</strong></span> <span class='ocrx_word' id='word_1_259' title='bbox 261 2940 298 2993; x_wconf 91' lang='lat' dir='ltr'><strong>ut</strong></span> <span class='ocrx_word' id='word_1_260' title='bbox 320 2941 353 2994; x_wconf 91' lang='lat' dir='ltr'><strong>ot</strong></span> <span class='ocrx_word' id='word_1_261' title='bbox 376 2918 435 2997; x_wconf 87' lang='lat' dir='ltr'><strong>uos</strong></span> <span class='ocrx_word' id='word_1_262' title='bbox 459 2931 517 3019; x_wconf 94' lang='lat' dir='ltr'><strong>ipsi</strong></span> <span class='ocrx_word' id='word_1_263' title='bbox 544 2933 576 2997; x_wconf 92' lang='lat' dir='ltr'><strong>in</strong></span> <span class='ocrx_word' id='word_1_264' title='bbox 600 2934 689 2999; x_wconf 88' lang='lat' dir='ltr'><strong>vobis</strong></span> <span class='ocrx_word' id='word_1_265' title='bbox 732 2929 818 3022; x_wconf 79' lang='lat' dir='ltr'><strong>quod</strong></span> <span class='ocrx_word' id='word_1_266' title='bbox 841 2929 987 3018; x_wconf 88' lang='lat' dir='ltr'><strong>probatio</strong></span> <span class='ocrx_word' id='word_1_267' title='bbox 1004 2926 1078 2993; x_wconf 87' lang='lat' dir='ltr'><strong>fidei</strong></span> <span class='ocrx_word' id='word_1_268' title='bbox 1094 2939 1205 2993; x_wconf 68' lang='lat' dir='ltr'><strong>vestrae</strong></span> <span class='ocrx_word' id='word_1_269' title='bbox 1221 2952 1276 3017; x_wconf 92' lang='lat' dir='ltr'><strong>pa-</strong></span> 
     </span>
     <span class='ocr_line' id='line_1_31' title="bbox 144 3013 1273 3111; baseline 0.004 -32"><span class='ocrx_word' id='word_1_270' title='bbox 144 3013 318 3107; x_wconf 77' lang='lat' dir='ltr'><strong>gloriemur</strong></span> <span class='ocrx_word' id='word_1_271' title='bbox 331 3018 365 3083; x_wconf 92' lang='lat' dir='ltr'><strong>in</strong></span> <span class='ocrx_word' id='word_1_272' title='bbox 378 3018 526 3087; x_wconf 87' lang='lat' dir='ltr'><strong>Ecclesiis</strong></span> <span class='ocrx_word' id='word_1_273' title='bbox 539 3021 616 3098; x_wconf 90' lang='lat' dir='ltr'><strong>Dei,</strong></span> <span class='ocrx_word' id='word_1_274' title='bbox 630 3046 688 3111; x_wconf 95' lang='lat' dir='ltr'><strong>pro</strong></span> <span class='ocrx_word' id='word_1_275' title='bbox 733 3018 1045 3106; x_wconf 87' lang='lat' dir='ltr'><strong>tientiamoperatur.</strong></span> <span class='ocrx_word' id='word_1_276' title='bbox 1054 3017 1273 3083; x_wconf 87' lang='lat' dir='ltr'><strong>Patientiaau-</strong></span> 
     </span>
    </p>
   </div>
   <div class='ocr_carea' id='block_1_8' title="bbox 27 3105 1346 3376">
    <p class='ocr_par' dir='ltr' id='par_1_12' title="bbox 27 3105 1346 3376">
     <span class='ocr_line' id='line_1_32' title="bbox 27 3105 1270 3197; baseline 0.002 -26"><span class='ocrx_word' id='word_1_277' title='bbox 27 3174 29 3183; x_wconf 58' lang='grc'>,</span> <span class='ocrx_word' id='word_1_278' title='bbox 144 3105 296 3193; x_wconf 69' lang='lat' dir='ltr'><strong>patientia</strong></span> <span class='ocrx_word' id='word_1_279' title='bbox 313 3114 435 3184; x_wconf 76' lang='lat' dir='ltr'><strong>vestri,</strong></span> <span class='ocrx_word' id='word_1_280' title='bbox 454 3122 486 3174; x_wconf 88' lang='lat' dir='ltr'><strong>et</strong></span> <span class='ocrx_word' id='word_1_281' title='bbox 501 3109 584 3187; x_wconf 86' lang='lat' dir='ltr'><strong>fide,</strong></span> <span class='ocrx_word' id='word_1_282' title='bbox 604 3124 636 3177; x_wconf 90' lang='lat' dir='ltr'><strong>et</strong></span> <span class='ocrx_word' id='word_1_283' title='bbox 655 3113 687 3177; x_wconf 91' lang='lat' dir='ltr'><strong>in</strong></span> <span class='ocrx_word' id='word_1_284' title='bbox 732 3124 798 3177; x_wconf 87' lang='lat' dir='ltr'><strong>tem</strong></span> <span class='ocrx_word' id='word_1_285' title='bbox 810 3107 1077 3197; x_wconf 78' lang='lat' dir='ltr'><strong>opusperlectum</strong></span> <span class='ocrx_word' id='word_1_286' title='bbox 1088 3105 1270 3182; x_wconf 87' lang='lat' dir='ltr'><strong>habet,etc.</strong></span> 
     </span>
     <span class='ocr_line' id='line_1_33' title="bbox 28 3194 1271 3285; baseline 0 -27"><span class='ocrx_word' id='word_1_287' title='bbox 28 3196 29 3269; x_wconf 68' lang='lat' dir='ltr'>J</span> <span class='ocrx_word' id='word_1_288' title='bbox 145 3194 294 3261; x_wconf 88' lang='lat' dir='ltr'><strong>omnibus</strong></span> <span class='ocrx_word' id='word_1_289' title='bbox 326 3198 599 3285; x_wconf 83' lang='lat' dir='ltr'><strong>persecutionibus</strong></span> <span class='ocrx_word' id='word_1_290' title='bbox 633 3224 687 3266; x_wconf 85' lang='lat' dir='ltr'><strong>ve·</strong></span> <span class='ocrx_word' id='word_1_291' title='bbox 730 3197 846 3265; x_wconf 80' lang='lat' dir='ltr'><strong>Jacob.</strong></span> <span class='ocrx_word' id='word_1_292' title='bbox 867 3220 893 3261; x_wconf 91' lang='grc' dir='ltr'><strong>ι.</strong></span> <span class='ocrx_word' id='word_1_293' title='bbox 918 3219 947 3260; x_wconf 85' lang='lat' dir='ltr'><strong>a.</strong></span> <span class='ocrx_word' id='word_1_294' title='bbox 968 3197 998 3259; x_wconf 94' lang='grc'><strong>5.</strong></span> <span class='ocrx_word' id='word_1_295' title='bbox 1025 3198 1056 3274; x_wconf 91' lang='grc'><strong>4.</strong></span> <span class='ocrx_word' id='word_1_296' title='bbox 1073 3196 1189 3261; x_wconf 87' lang='lat' dir='ltr'><strong>Beatus</strong></span> <span class='ocrx_word' id='word_1_297' title='bbox 1205 3196 1271 3269; x_wconf 87' lang='lat' dir='ltr'><strong>vir,</strong></span> 
     </span>
     <span class='ocr_line' id='line_1_34' title="bbox 28 3275 1346 3376; baseline -0.001 -29"><span class='ocrx_word' id='word_1_298' title='bbox 28 3306 29 3313; x_wconf 51' lang='lat'>¹</span> <span class='ocrx_word' id='word_1_299' title='bbox 145 3283 237 3359; x_wconf 90' lang='lat' dir='ltr'><strong>stris,</strong></span> <span class='ocrx_word' id='word_1_300' title='bbox 260 3296 292 3349; x_wconf 91' lang='lat' dir='ltr'><strong>et</strong></span> <span class='ocrx_word' id='word_1_301' title='bbox 310 3275 584 3363; x_wconf 85' lang='lat' dir='ltr'><strong>tribulationibus,</strong></span> <span class='ocrx_word' id='word_1_302' title='bbox 610 3312 687 3376; x_wconf 83' lang='lat' dir='ltr'><strong>qrras</strong></span> <span class='ocrx_word' id='word_1_303' title='bbox 731 3290 783 3375; x_wconf 88' lang='lat' dir='ltr'><strong>qui</strong></span> <span class='ocrx_word' id='word_1_304' title='bbox 808 3284 918 3354; x_wconf 77' lang='lat' dir='ltr'><strong>suffert</strong></span> <span class='ocrx_word' id='word_1_305' title='bbox 940 3285 1168 3359; x_wconf 88' lang='lat' dir='ltr'><strong>tentationem,</strong></span> <span class='ocrx_word' id='word_1_306' title='bbox 1192 3306 1273 3369; x_wconf 93' lang='lat' dir='ltr'><strong>quo-</strong></span> <span class='ocrx_word' id='word_1_307' title='bbox 1338 3363 1346 3375; x_wconf 70' lang='lat'><strong>.</strong></span> 
     </span>
    </p>
   </div>
   <div class='ocr_carea' id='block_1_9' title="bbox 28 3372 1278 4093">
    <p class='ocr_par' dir='ltr' id='par_1_13' title="bbox 142 3372 1273 3711">
     <span class='ocr_line' id='line_1_35' title="bbox 144 3372 1273 3465; baseline 0 -30"><span class='ocrx_word' id='word_1_308' title='bbox 144 3373 397 3441; x_wconf 83' lang='lat' dir='ltr'><strong>sustinetis—ut</strong></span> <span class='ocrx_word' id='word_1_309' title='bbox 407 3374 493 3465; x_wconf 78' lang='lat' dir='ltr'><strong>digni</strong></span> <span class='ocrx_word' id='word_1_310' title='bbox 506 3376 686 3443; x_wconf 87' lang='lat' dir='ltr'><strong>habeamini</strong></span> <span class='ocrx_word' id='word_1_311' title='bbox 731 3378 817 3443; x_wconf 74' lang='lat' dir='ltr'><strong>niem</strong></span> <span class='ocrx_word' id='word_1_312' title='bbox 829 3380 903 3439; x_wconf 81' lang='lat' dir='ltr'><strong>clun</strong></span> <span class='ocrx_word' id='word_1_313' title='bbox 918 3374 1070 3462; x_wconf 89' lang='lat' dir='ltr'><strong>probatus</strong></span> <span class='ocrx_word' id='word_1_314' title='bbox 1087 3372 1199 3445; x_wconf 92' lang='lat' dir='ltr'><strong>suerit,</strong></span> <span class='ocrx_word' id='word_1_315' title='bbox 1217 3392 1273 3435; x_wconf 91' lang='lat' dir='ltr'><strong>ae-</strong></span> 
     </span>
     <span class='ocr_line' id='line_1_36' title="bbox 144 3460 1272 3562; baseline -0.001 -37"><span class='ocrx_word' id='word_1_316' title='bbox 144 3460 176 3525; x_wconf 91' lang='lat' dir='ltr'><strong>iu</strong></span> <span class='ocrx_word' id='word_1_317' title='bbox 193 3486 291 3551; x_wconf 77' lang='lat' dir='ltr'><strong>regno</strong></span> <span class='ocrx_word' id='word_1_318' title='bbox 304 3463 380 3539; x_wconf 88' lang='lat' dir='ltr'><strong>Dei,</strong></span> <span class='ocrx_word' id='word_1_319' title='bbox 397 3487 455 3551; x_wconf 92' lang='lat' dir='ltr'><strong>pro</strong></span> <span class='ocrx_word' id='word_1_320' title='bbox 476 3489 540 3554; x_wconf 90' lang='lat' dir='ltr'><strong>quo</strong></span> <span class='ocrx_word' id='word_1_321' title='bbox 557 3478 589 3531; x_wconf 90' lang='lat' dir='ltr'><strong>et</strong></span> <span class='ocrx_word' id='word_1_322' title='bbox 605 3468 687 3553; x_wconf 90' lang='lat' dir='ltr'><strong>pati·</strong></span> <span class='ocrx_word' id='word_1_323' title='bbox 731 3465 828 3562; x_wconf 88' lang='lat' dir='ltr'><strong>cipiet</strong></span> <span class='ocrx_word' id='word_1_324' title='bbox 839 3485 992 3528; x_wconf 89' lang='lat' dir='ltr'><strong>coronam</strong></span> <span class='ocrx_word' id='word_1_325' title='bbox 1004 3462 1093 3535; x_wconf 70' lang='lat' dir='ltr'><strong>rita,</strong></span> <span class='ocrx_word' id='word_1_326' title='bbox 1107 3481 1203 3546; x_wconf 89' lang='lat' dir='ltr'><strong>quum</strong></span> <span class='ocrx_word' id='word_1_327' title='bbox 1219 3483 1272 3525; x_wconf 89' lang='lat' dir='ltr'><strong>re-</strong></span> 
     </span>
     <span class='ocr_line' id='line_1_37' title="bbox 143 3549 1268 3644; baseline -0.001 -31"><span class='ocrx_word' id='word_1_328' title='bbox 143 3549 239 3628; x_wconf 88' lang='lat' dir='ltr'><strong>mini,</strong></span> <span class='ocrx_word' id='word_1_329' title='bbox 252 3565 314 3619; x_wconf 90' lang='lat' dir='ltr'><strong>etc.</strong></span> <span class='ocrx_word' id='word_1_330' title='bbox 332 3576 361 3619; x_wconf 82' lang='lat' dir='ltr'><strong>a.</strong></span> <span class='ocrx_word' id='word_1_331' title='bbox 380 3553 486 3621; x_wconf 79' lang='lat' dir='ltr'><strong>Thess.</strong></span> <span class='ocrx_word' id='word_1_332' title='bbox 509 3578 534 3618; x_wconf 94' lang='grc' dir='ltr'><strong>ι.</strong></span> <span class='ocrx_word' id='word_1_333' title='bbox 553 3558 585 3635; x_wconf 90' lang='grc'><strong>4.</strong></span> <span class='ocrx_word' id='word_1_334' title='bbox 603 3556 633 3617; x_wconf 90' lang='lat' dir='ltr'><em>V</em></span> <span class='ocrx_word' id='word_1_335' title='bbox 635 3557 688 3621; x_wconf 78' lang='lat' dir='ltr'><strong>ida</strong></span> <span class='ocrx_word' id='word_1_336' title='bbox 731 3552 876 3644; x_wconf 89' lang='lat' dir='ltr'><strong>promisit</strong></span> <span class='ocrx_word' id='word_1_337' title='bbox 898 3550 983 3617; x_wconf 89' lang='lat' dir='ltr'><strong>Deus</strong></span> <span class='ocrx_word' id='word_1_338' title='bbox 1000 3549 1202 3637; x_wconf 84' lang='lat' dir='ltr'><strong>diligentibus</strong></span> <span class='ocrx_word' id='word_1_339' title='bbox 1225 3574 1268 3615; x_wconf 88' lang='lat' dir='ltr'><strong>se.</strong></span> 
     </span>
     <span class='ocr_line' id='line_1_38' title="bbox 142 3641 834 3711; baseline 0.007 -10"><span class='ocrx_word' id='word_1_340' title='bbox 142 3661 176 3701; x_wconf 83' lang='lat' dir='ltr'><strong>o.</strong></span> <span class='ocrx_word' id='word_1_341' title='bbox 196 3641 226 3708; x_wconf 90' lang='grc'><strong>6.</strong></span> <span class='ocrx_word' id='word_1_342' title='bbox 271 3689 279 3706; x_wconf 94' lang='grc'><strong>.</strong></span> <span class='ocrx_word' id='word_1_343' title='bbox 730 3671 764 3711; x_wconf 87' lang='lat' dir='ltr'><strong>v.</strong></span> <span class='ocrx_word' id='word_1_344' title='bbox 786 3665 834 3707; x_wconf 79' lang='lat' dir='ltr'><strong>ra.</strong></span> 
     </span>
    </p>

    <p class='ocr_par' dir='ltr' id='par_1_14' title="bbox 28 3666 1278 4093">
     <span class='ocr_line' id='line_1_39' title="bbox 189 3666 1273 3818; baseline -0.005 -23"><span class='ocrx_word' id='word_1_345' title='bbox 189 3666 271 3795; x_wconf 74' lang='lat' dir='ltr'><strong>Narh</strong></span> <span class='ocrx_word' id='word_1_346' title='bbox 294 3730 319 3795; x_wconf 84' lang='lat' dir='ltr'><strong>si</strong></span> <span class='ocrx_word' id='word_1_347' title='bbox 341 3734 535 3797; x_wconf 49' lang='lat' dir='ltr'><strong>¹commortui</strong></span> <span class='ocrx_word' id='word_1_348' title='bbox 556 3758 685 3810; x_wconf 90' lang='lat' dir='ltr'><strong>sumus,</strong></span> <span class='ocrx_word' id='word_1_349' title='bbox 776 3733 812 3798; x_wconf 90' lang='lat' dir='ltr'><strong>lu</strong></span> <span class='ocrx_word' id='word_1_350' title='bbox 824 3754 888 3818; x_wconf 87' lang='lat' dir='ltr'><strong>quo</strong></span> <span class='ocrx_word' id='word_1_351' title='bbox 904 3728 1063 3817; x_wconf 85' lang='lat' dir='ltr'><strong>(Christo)</strong></span> <span class='ocrx_word' id='word_1_352' title='bbox 1079 3726 1273 3798; x_wconf 83' lang='lat' dir='ltr'><strong>exultabitis,</strong></span> 
     </span>
     <span class='ocr_line' id='line_1_40' title="bbox 142 3817 1278 3904; baseline -0.004 -23"><span class='ocrx_word' id='word_1_353' title='bbox 142 3819 400 3885; x_wconf 81' lang='lat' dir='ltr'><strong>etconvivemus:</strong></span> <span class='ocrx_word' id='word_1_354' title='bbox 413 3820 437 3885; x_wconf 91' lang='lat' dir='ltr'><strong>si</strong></span> <span class='ocrx_word' id='word_1_355' title='bbox 447 3820 686 3899; x_wconf 86' lang='lat' dir='ltr'><strong>sustinebimus,</strong></span> <span class='ocrx_word' id='word_1_356' title='bbox 731 3820 894 3889; x_wconf 89' lang='lat' dir='ltr'><strong>modicum</strong></span> <span class='ocrx_word' id='word_1_357' title='bbox 910 3817 1037 3883; x_wconf 86' lang='lat' dir='ltr'><strong>nuncsi</strong></span> <span class='ocrx_word' id='word_1_358' title='bbox 1053 3828 1179 3904; x_wconf 84' lang='lat' dir='ltr'><strong>oportet</strong></span> <span class='ocrx_word' id='word_1_359' title='bbox 1193 3836 1278 3902; x_wconf 79' lang='lat' dir='ltr'><strong>cop--</strong></span> 
     </span>
     <span class='ocr_line' id='line_1_41' title="bbox 142 3909 1269 3996; baseline 0.003 -26"><span class='ocrx_word' id='word_1_360' title='bbox 142 3919 174 3970; x_wconf 89' lang='lat' dir='ltr'><strong>et</strong></span> <span class='ocrx_word' id='word_1_361' title='bbox 191 3910 468 3996; x_wconf 85' lang='lat' dir='ltr'><strong>conregnabimus.</strong></span> <span class='ocrx_word' id='word_1_362' title='bbox 491 3934 518 3974; x_wconf 82' lang='grc' dir='ltr'><strong>ι.</strong></span> <span class='ocrx_word' id='word_1_363' title='bbox 541 3912 632 3977; x_wconf 70' lang='lat' dir='ltr'><strong>tim.</strong></span> <span class='ocrx_word' id='word_1_364' title='bbox 655 3910 683 3977; x_wconf 66' lang='lat' dir='ltr'><strong>a.</strong></span> <span class='ocrx_word' id='word_1_365' title='bbox 732 3917 848 3982; x_wconf 89' lang='lat' dir='ltr'><strong>tristari</strong></span> <span class='ocrx_word' id='word_1_366' title='bbox 862 3915 893 3978; x_wconf 92' lang='lat' dir='ltr'><strong>in</strong></span> <span class='ocrx_word' id='word_1_367' title='bbox 910 3912 1001 3977; x_wconf 88' lang='lat' dir='ltr'><strong>variis</strong></span> <span class='ocrx_word' id='word_1_368' title='bbox 1019 3909 1269 3977; x_wconf 85' lang='lat' dir='ltr'><strong>tentationibus:</strong></span> 
     </span>
     <span class='ocr_line' id='line_1_42' title="bbox 28 3997 1272 4093; baseline 0.005 -36"><span class='ocrx_word' id='word_1_369' title='bbox 28 4050 29 4057; x_wconf 72' lang='grc'>,</span> <span class='ocrx_word' id='word_1_370' title='bbox 146 4020 264 4061; x_wconf 59' lang='lat' dir='ltr'><strong>rura.</strong></span> <span class='ocrx_word' id='word_1_371' title='bbox 732 4003 929 4093; x_wconf 76' lang='lat' dir='ltr'><strong>utprobatio</strong></span> <span class='ocrx_word' id='word_1_372' title='bbox 950 4012 1059 4077; x_wconf 73' lang='lat' dir='ltr'><strong>vestroe</strong></span> <span class='ocrx_word' id='word_1_373' title='bbox 1082 3997 1272 4065; x_wconf 82' lang='lat' dir='ltr'><strong>lldeirnultb</strong></span> 
     </span>
    </p>
   </div>
   <div class='ocr_carea' id='block_1_10' title="bbox 0 0 1488 4675">
    <p class='ocr_par' dir='ltr' id='par_1_15' title="bbox 0 0 1488 4675">
     <span class='ocr_line' id='line_1_43' title="bbox 0 0 1488 4675; baseline 0 2"><span class='ocrx_word' id='word_1_374' title='bbox 0 0 1488 4675; x_wconf 95' lang='lat' dir='ltr'><strong> </strong></span> 
     </span>
    </p>
   </div>
   <div class='ocr_carea' id='block_1_11' title="bbox 761 1685 1374 1773">
    <p class='ocr_par' dir='ltr' id='par_1_16' title="bbox 761 1685 1374 1773">
     <span class='ocr_line' id='line_1_44' title="bbox 761 1685 1374 1773; baseline 0.003 -23"><span class='ocrx_word' id='word_1_375' title='bbox 761 1708 797 1750; x_wconf 92' lang='lat' dir='ltr'><strong>us</strong></span> <span class='ocrx_word' id='word_1_376' title='bbox 809 1735 819 1762; x_wconf 95' lang='lat'><strong>,</strong></span> <span class='ocrx_word' id='word_1_377' title='bbox 831 1697 892 1750; x_wconf 88' lang='lat' dir='ltr'><strong>etc.</strong></span> <span class='ocrx_word' id='word_1_378' title='bbox 908 1685 998 1750; x_wconf 77' lang='lat' dir='ltr'><strong>ibid.</strong></span> <span class='ocrx_word' id='word_1_379' title='bbox 1015 1709 1064 1750; x_wconf 94' lang='grc' dir='ltr'><strong>ιι.</strong></span> <span class='ocrx_word' id='word_1_380' title='bbox 1081 1686 1134 1751; x_wconf 90' lang='grc'><strong>56.</strong></span> <span class='ocrx_word' id='word_1_381' title='bbox 1154 1686 1206 1773; x_wconf 80' lang='grc'><strong>57.</strong></span> <span class='ocrx_word' id='word_1_382' title='bbox 1224 1688 1278 1752; x_wconf 85' lang='grc'><strong>58.</strong></span> <span class='ocrx_word' id='word_1_383' title='bbox 1370 1710 1374 1729; x_wconf 79' lang='lat'><strong>¹</strong></span> 
     </span>
    </p>
   </div>
  </div>
 </body>
</html>
