2967 4675
96 435 101 444 ,
229 359 294 432 516
404 351 551 448 'Qus
1036 353 1137 441 eure

232 477 334 546 iidem
347 479 467 570 fideles.
488 480 573 544 Vide
588 479 693 545 Marc.
719 499 768 542 ιο.
815 488 847 540 et
855 473 1063 565 quadraginta
1075 475 1235 542 noctibus.
1244 475 1368 541 Ewd.

236 569 287 634 38.
305 569 382 634 Lae.
403 593 452 634 ια.
468 566 520 634 50.
536 571 547 657 )
817 567 868 643 el.
892 566 940 630 18.

274 657 318 722 Ut
349 657 381 722 in
407 658 536 723 nomine
570 653 646 722 lesu
676 675 772 721 omne
859 653 933 718 Fuit
948 660 1025 744 ergb
1043 651 1204 742 (Moyses)
1224 652 1269 716 ibi
1287 675 1375 718 cum

232 767 314 834 genu
331 745 478 812 flectatur
493 744 689 822 celestium,
707 755 773 808 ter·
815 741 952 810 Domino
991 743 1199 830 quadraginta
1230 741 1303 805 dies
1337 753 1374 804 et

233 835 399 911 restrium,
431 847 464 900 et
489 834 712 900 infernorum:
740 844 773 898 et
815 831 1023 919 quadraginta
1060 844 1199 896 noctes:
1239 851 1372 918 panem

232 923 333 988 omnis
348 923 392 989 lin
415 948 453 990 ua
471 923 680 998 confiteatur,
699 922 772 1010 quie
815 943 880 986 non
902 919 1063 996 eomedit,
1093 931 1125 985 et
1149 938 1270 1004 aquam
1298 937 1373 982 non

232 948 491 1078 Dominusbesus
505 1011 650 1077 Christus
663 1010 694 1075 in
708 1009 772 1099 gle
815 1008 924 1085 bibit,
956 1020 994 1074 et
1028 1009 1153 1096 scripsit
1175 1007 1211 1073 in
1242 1005 1373 1072 tabulis

233 1099 277 1164 rit
290 1112 346 1182 ,est
365 1102 423 1168 Dei
444 1101 553 1168 Patris.
572 1099 718 1188 Philipp.
739 1121 769 1163 ι.
817 1098 912 1162 verba
945 1097 1074 1164 federis
1106 1097 1232 1162 desem.
1266 1095 1367 1160 leid.

236 1211 284 1253 ιο.
308 1212 357 1255 ιι.
817 1187 868 1266 54.
895 1189 946 1252 28.
969 1185 1066 1252 Idem
1084 1187 1244 1275 repetitur·
1257 1183 1366 1250 Dent.

277 1275 340 1342 Det
361 1272 407 1344 illi
437 1274 675 1382 (onesiphoro)
705 1273 774 1340 Do·
816 1299 847 1362 9.
867 1300 898 1362 9.

118 1368 120 1377 '
231 1365 337 1432 minus
356 1365 498 1433 invenire
520 1363 773 1432 misericordiam
860 1365 899 1430 Et
910 1361 1033 1451 procidi
1049 1363 1115 1450 (ait
1125 1361 1269 1466 lloyses)
1289 1367 1369 1426 ante

231 1461 249 1520 i
265 1451 401 1521 Domino
417 1457 449 1521 in
461 1454 513 1520 ills
527 1455 586 1520 die.
605 1453 643 1518 Et
654 1462 772 1542 quanta
817 1452 987 1517 Dominum
1004 1453 1085 1518 sicut
1097 1456 1202 1539 pairs,
1219 1449 1367 1537 quadra-

235 1543 350 1632 Ephesi
361 1541 774 1618 ministravitmihi,tu¹me-
816 1541 902 1629 ginta
914 1539 1026 1606 diebus
1035 1552 1066 1606 et
1075 1539 1235 1614 noctibus,
1243 1561 1368 1626 panem

232 1631 292 1698 lius
308 1634 400 1699 nosti.
422 1655 450 1698 ι.
473 1633 560 1700 Tim.
581 1656 607 1698 ι.
627 1632 677 1697 18.
816 1650 881 1694 non
896 1630 1087 1706 comedens,
1108 1639 1142 1694 et
1163 1649 1276 1715 aquam
1293 1648 1366 1692 non

286 1720 350 1800 Qui
365 1723 424 1788 scit
440 1722 570 1786 fratrem
587 1741 680 1786 suum
695 1739 773 1806 pee—
816 1718 950 1795 bibens,
966 1730 1097 1808 propter
1107 1715 1212 1782 omnia
1222 1727 1362 1802 peecata

234 1830 307 1874 care
323 1821 490 1897 peceatum
501 1832 564 1875 non
573 1807 613 1873 ad
622 1818 772 1883 mortem,
816 1822 946 1882 vestre,
978 1830 1049 1894 quae
1078 1805 1212 1895 gessistis
1240 1813 1362 1868 eontra

232 1907 338 1984 petat,
362 1909 394 1961 et
416 1897 542 1963 dabitur
563 1896 590 1962 ei
614 1895 677 1961 vita
695 1917 772 1984 pec·
817 1897 1010 1972 Dominum,
1027 1907 1059 1959 et
1074 1916 1148 1960 eum
1167 1893 1208 1960 sd
1226 1894 1364 1958 iracun-

233 1985 317 2049 canti
334 2007 397 2050 non
413 1985 452 2050 ad
465 1995 612 2049 mortem.
629 1985 684 2048 Est
701 2005 774 2071 pec·
817 1984 901 2053 (liam
915 1985 1118 2089 provocastis.
1135 1983 1233 2049 Dent.
1252 2005 1286 2070 9.
1307 1984 1357 2047 ι8.

232 2085 337 2138 catum
350 2073 389 2138 ud
402 2083 554 2146 mortem
570 2093 634 2138 non
646 2093 705 2160 pro
718 2070 773 2137 illo
856 2073 925 2154 ‘Qui
938 2073 1057 2158 (Elias)
1073 2077 1147 2138 etim
1158 2071 1360 2146 surrexisset,

232 2159 304 2228 dice
321 2174 355 2226 ut
367 2173 457 2251 roget
471 2161 552 2249 quis.
572 2185 599 2226 1.
618 2157 717 2225 Joan.
739 2161 769 2224 5.
817 2162 956 2228 comedit
972 2173 1004 2226 et
1018 2160 1118 2238 bibit,
1135 2174 1168 2226 et
1184 2157 1361 2225 ambulavit

235 2251 284 2315 16.
817 2251 850 2315 in
861 2250 1045 2316 fortitudine
1058 2251 1120 2316 eibi
1133 2247 1217 2314 illius
1226 2245 1359 2337 quadre-

276 2340 315 2404 Et
336 2363 431 2407 nemo
452 2342 595 2429 poterat,
619 2337 773 2427 usquein
816 2342 903 2429 ginta
938 2340 1050 2407 diebus
1083 2352 1115 2405 et
1151 2338 1357 2428 quadraginta

233 2426 335 2505 eoelo,
360 2440 463 2517 neque
490 2428 522 2494 in
545 2432 648 2501 terri,
669 2448 774 2515 neque
817 2428 986 2504 noctibus,
1013 2434 1115 2516 usqub
1147 2426 1188 2493 ed
1214 2438 1358 2491 montem

232 2517 343 2583 subtirs
355 2528 473 2583 terram
485 2568 493 2593 ,
507 2518 629 2606 aperire
641 2514 771 2593 librum,
817 2518 874 2585 Dei
890 2516 1009 2583 Horeb.
1028 2513 1061 2581 3.
1080 2516 1158 2605 lleg.
1182 2538 1193 2581 ι
1223 2564 1232 2581 .
1253 2519 1284 2580 8.

230 2628 252 2671 ιι
296 2631 334 2671 ue
358 2604 514 2695 respicere
537 2603 638 2671 illum.
665 2606 769 2695 Apoc.
861 2605 981 2673 Etetrm
994 2606 1166 2695 jejunasset
1178 2538 1356 2691 (llius-estut)

231 2688 261 2761 5.
312 2744 320 2760 .
348 2697 388 2760 Et
411 2716 540 2761 omnem
564 2707 771 2771 creaturam,
817 2695 1025 2785 quadraginta
1042 2694 1153 2759 diebus
1172 2705 1205 2758 et
1224 2692 1359 2781 quadra·

212 2790 300 2873 'quae
314 2784 347 2850 in
369 2782 450 2851 eoelo
472 2797 519 2849 est
539 2796 572 2849 et
591 2806 686 2871 super
707 2794 773 2849 ter·
839 2784 904 2851 'rita
920 2782 1088 2857 noctibus,
1110 2788 1218 2873 postet
1235 2781 1353 2847 esuriit.

230 2896 299 2939 ram
312 2925 320 2950 ,
334 2886 365 2937 et
377 2874 435 2937 sub
449 2880 531 2937 terr'l
545 2924 553 2947 ‚
566 2884 599 2938 et
614 2894 683 2961 quae
699 2886 774 2939 sunt
855 2874 936 2939 aeti.
952 2875 983 2952 4.
998 2894 1027 2937 2.
1044 2869 1076 2936 V
1077 2873 1130 2939 ido
1141 2870 1250 2940 blare.
1264 2894 1290 2935 1.
1307 2892 1352 2934 ιι.

230 2962 262 3028 in
278 2962 509 3049 mrri,etquae
532 2962 565 3025 in
586 2979 773 3037 eo,omnes
816 2964 1042 3043 betelem.

230 3040 774 3115 audividicentes:Sedentiintbre

229 3161 292 3214 no,
310 3148 342 3202 et
357 3137 449 3227 igno
462 3187 472 3215 ‚
487 3133 687 3213 benedictio,
701 3150 769 3204 etc,
1008 3147 1159 3202 eraesrtr·

229 3226 331 3293 ¹⁸¹⁵·
818 3275 1350 3361 omesmmmmvm

361 3360 637 3427 Pustttanimitar.
859 3390 900 3431 ao
914 3365 1047 3431 inmites
1064 3378 1142 3429 eum
1153 3357 1307 3427 vitante

288 3556 292 3563 .
349 3448 430 3517 Μ’
474 3448 645 3517 F⁰'''”‘''‘¹⁰·
863 3498 926 3581 Qui
942 3495 1021 3563 rixis
1034 3492 1254 3561 admitterem
1272 3490 1348 3576 (stt.

373 3602 625 3659 eurnrrresrrs.
817 3590 963 3678 serpens)
986 3610 993 3650 :
1018 3582 1085 3649 Cur
1104 3578 1256 3671 praecepit
1272 3579 1352 3645 vobis

271 3714 577 3807 were
600 3716 731 3803 rr
817 3666 1351 3852 &sitiretisstttt

419 3806 578 3895 mh
816 3854 903 3921 Vidit
918 3854 1014 3941 igitur
1035 3848 1170 3925 mulier,
1190 3844 1277 3935 qued
1296 3844 1348 3909 bo-

267 3940 772 4099 lnqressusqueltloysesmedium
817 3962 893 4007 num
914 3951 997 4007 esset
1019 3937 1141 4027 lignum
1164 3934 1348 4039 adposcen-

228 4034 312 4099 nebu
327 4058 370 4109 ω,
391 4032 533 4100 aseendit
553 4058 585 4099 in
603 4046 770 4099 montense
817 4028 908 4105 dum,
920 4041 951 4096 et
959 4026 1129 4117 pulchrum
1142 4021 1241 4091 oculus
1253 4042 1348 4111 aspec-

228 4134 260 4185 et
281 4122 340 4190 luit
361 4122 406 4188 ibi
428 4120 637 4213 quadraginta
660 4123 772 4190 diebus
817 4131 916 4207 tuque
936 4112 1144 4187 delectabiles
1168 4124 1201 4178 et
1222 4108 1292 4178 tulit
1311 4108 1346 4172 t·
