2967 4675
345 336 416 435 urs
910 361 986 429 ms
1195 369 1239 452 47

114 494 242 566 procu,-
272 480 326 567 qui
347 492 454 544 autem
481 478 651 545 miseretur
692 476 873 545 mercedem
895 477 970 563 justi
982 477 1130 566 accipiet.
1145 477 1235 544 Ibid.

113 566 582 742 eruturum:
598 568 646 741 13:
696 564 1239 743 ’sumtuum

112 768 134 809 c.
151 748 198 813 25.
215 770 271 824 nr,
430 813 434 821 ,
573 766 578 775 ·
691 744 787 815 ,sereri
802 744 947 809 conservi
963 745 1166 819 tui,sioutet
1178 766 1237 833 ego

149 834 297 913 Animam
312 833 503 898 esurientem
520 852 561 897 ne
577 830 651 897 des-
677 836 739 896 'tut
755 832 905 896 misertus
920 834 1014 897 sum?
1028 832 1080 899 16.
1112 836 1160 897 18.
1181 834 1233 901 55.

110 924 249 1007 pexeris:
268 936 299 988 et
315 945 378 987 non
397 942 563 1008 exasperes
574 943 650 1008 pou·
734 920 897 987 Discedito
919 927 938 987 a
956 944 1008 987 me
1023 920 1185 988 maledicti
1204 922 1237 987 in

108 1032 208 1097 peram
226 1014 267 1090 in
285 1011 392 1098 inopia
407 1016 473 1075 sud.
492 1010 596 1076 Eucti.
613 1011 645 1087 d.
692 1008 795 1099 ignem
804 1022 980 1086 aeternum,
992 1010 1044 1097 qui
1053 1023 1238 1097 paratusest

110 1121 135 1162 a.
152 1101 240 1166 Vide
254 1122 366 1184 ceram
380 1114 552 1183 mouentes.
613 1142 618 1154 ·
690 1095 1005 1187 Diaboloetdngelis
1020 1099 1100 1185 ejus.
1114 1100 1237 1165 Esuriri

147 1186 217 1257 Non
243 1186 299 1254 des
322 1189 396 1253 ieiet
421 1184 619 1275 (Dominus)
639 1236 647 1261 ,
691 1186 795 1261 enim,
809 1200 871 1252 etc.
887 1186 977 1253 Ibid.
1000 1188 1049 1251 25.
1065 1190 1120 1267 dr.
1136 1191 1189 1267 Aa.

100 1295 211 1361 preces
227 1214 357 1366 puprili,
379 1260 604 1351 necviduim,
623 1274 648 1338 si
733 1274 964 1343 Verumtamen
989 1274 1108 1363 diligite
1130 1275 1238 1341 inimi-

106 1364 244 1433 effundat
260 1363 418 1453 loquelam
433 1365 578 1453 gemitus.
591 1363 644 1429 16.
690 1384 745 1435 cos
758 1376 879 1428 vostros
895 1388 903 1428 ε
917 1364 1115 1440 benefacite,
1128 1377 1160 1428 et
1170 1388 1238 1429 mu-

104 1452 152 1517 55.
175 1476 227 1540 ¹7·
690 1449 1236 1537 tuumdote,nibilindbsperantes:

70 1588 76 1607 .
163 1540 306 1631 Frange,
337 1540 489 1606 esurienti
532 1540 648 1626 panem
691 1550 724 1602 et
740 1538 804 1602 erit
818 1560 944 1602 merces
958 1549 1063 1601 restro
1076 1520 1195 1612 rnfita,
1208 1552 1241 1603 et

100 1640 193 1693 tuum
211 1681 220 1706 ,
235 1642 267 1695 et
286 1650 403 1716 egenos
418 1650 577 1715 vagosque
600 1627 651 1691 in·
693 1626 782 1689 eritis
804 1624 862 1689 srlii
884 1623 1056 1699 ditissimi,
1078 1626 1153 1711 quia
1175 1626 1242 1712 ipso

99 1715 162 1783 duc
180 1718 217 1782 in
233 1718 365 1803 domum
382 1728 493 1779 tuom:
513 1720 590 1779 cum
604 1715 653 1779 vi·
692 1712 851 1799 benignus
873 1724 920 1777 est
940 1734 1038 1800 super
1057 1712 1195 1801 ingratos
1210 1725 1242 1778 ct

96 1804 187 1870 deris
219 1804 360 1879 nudum,
392 1802 480 1890 operi
508 1824 599 1876 eum,
622 1812 654 1865 et
693 1799 807 1865 malos.
822 1799 900 1865 Luc.
916 1802 947 1864 6.
964 1801 1016 1865 55.

94 1914 241 1959 carnem
268 1905 357 1956 tuam
388 1912 429 1955 na
459 1889 649 1977 despexeris.
738 1888 954 1953 Samaritanus
976 1900 1084 1953 autem
1107 1889 1237 1978 quidam

94 1981 172 2046 lsa.
205 1980 256 2043 58.
287 1979 431 2067 Psi&
448 1976 564 2045 Ezecb.
600 1979 647 2043 18.
692 1977 904 2054 iterfaciens,
922 1977 1116 2043 renitsectrs
1133 2002 1234 2048 eum:

95 2066 221 2155 7.·16„
258 2080 263 2092 ·
340 2096 344 2105 ·
690 2078 721 2131 et
751 2066 861 2130 ridens
890 2089 986 2141 eum,
1016 2066 1234 2133 misericordia

95 2220 98 2225 .
140 2152 302 2223 Indicabo
314 2154 390 2231 tibi,
406 2154 425 2224 6
443 2154 557 2241 homo,
571 2152 647 2241 quid
688 2166 794 2230 motus
809 2159 867 2219 est.
888 2148 977 2219 ibid.
1001 2178 1051 2220 ro.
1071 2156 1123 2221 55.
1149 2156 1180 2219 V
1181 2156 1236 2221 tm

96 2241 134 2310 sit
157 2246 308 2321 bonum,
335 2243 466 2331 etquid
492 2242 646 2308 Dominus
688 2243 921 2311 Rom.12.rs.
991 2282 996 2290 -

97 2334 242 2422 requirat
257 2340 274 2399 t
288 2346 318 2398 te
333 2357 341 2398 :
356 2332 464 2422 utique
477 2332 582 2399 secere
598 2334 646 2422 ju·
733 2330 858 2397 induite
876 2355 932 2398 vos
950 2339 1027 2420 ergb
1043 2332 1125 2413 sicut
1141 2332 1244 2424 electi

98 2423 245 2498 dicium,
266 2435 298 2487 et
317 2421 448 2509 diligere
464 2421 647 2488 misericor·
687 2419 764 2504 Dei,
780 2422 889 2487 'sancti
909 2434 942 2485 et
953 2421 1090 2512 dilecti,
1114 2423 1237 2490 viscera

99 2511 202 2586 (bam,
227 2521 260 2575 et
285 2509 460 2578 sollicitum
483 2509 662 2580 ambulare,
688 2509 912 2596 misericordie
932 2561 942 2586 ,
966 2509 1234 2597 benignitatem,

89 2621 170 2668 ‚cum
182 2602 255 2665 Deo
270 2609 338 2664 tuo.
358 2599 459 2669 Mtot.
476 2599 506 2662 6.
523 2597 553 2663 8.
687 2597 921 2674 bumilitatem,
945 2598 1158 2672 modestiam,
1177 2620 1237 2686 pa-

134 2685 645 2772 HaecaitDomiousexereituum,
688 2687 852 2763 tientiam,
875 2699 937 2752 etc.
969 2687 1090 2751 Coloss.
1122 2687 1233 2753 bera.

103 2770 205 2843 dicens
224 2775 419 2844 :dudicium
434 2785 544 2840 rer'um
560 2775 646 2862 judi:
687 2775 718 2836 V
720 2775 775 2864 ide
791 2800 817 2841 r.
836 2775 925 2840 Tim.
938 2777 968 2838 5.
984 2798 1032 2838 ro.
1049 2775 1081 2836 V
1082 2773 1137 2838 ide
1147 2775 1237 2839 nos

104 2875 187 2939 cste,
208 2877 243 2931 et
260 2864 511 2934 misericordiam
538 2876 569 2928 et
584 2863 647 2928 mi·
685 2876 834 2959 mosyuo.

106 2954 273 3020 tentiones
285 2953 381 3020 facite
394 3003 403 3028 ,
431 2953 646 3041 unusquisque

108 3044 290 3108 cumfratre
305 3065 373 3106 suo.
392 3041 493 3122 Zoch.
514 3066 554 3127 7.Ι
567 3066 598 3130 9.

145 3129 231 3196 Beati
241 3129 480 3204 misericordes:
495 3129 646 3218 quonium
741 3145 855 3215 Mm
869 3145 1087 3238 Smifioinm
1099 3149 1181 3216 otim

113 3213 160 3362 ipsi
174 3217 427 3374 rppserplcordiam
447 3239 647 3306 cousequen—
683 3237 884 3323 mdiorum
906 3252 938 3302 ῃ
955 3222 1236 3328 pmunwums

128 3326 165 3368 ur.
217 3322 269 3374 att
295 3325 354 3372 ‚tn
372 3331 400 3394 7.

153 3392 263 3462 bootes
291 3409 399 3461 autem
415 3395 527 3461 discite
542 3443 555 3468 ,
569 3393 647 3482 quid
673 3461 682 3478 ,
731 3391 911 3482 Respiciam
932 3419 1009 3477 ros,
1033 3406 1067 3461 et
1088 3419 1234 3466 crescere

123 3487 178 3542 est:
188 3481 431 3551 Misericordiam
439 3483 523 3558 volo,
536 3495 569 3547 et
581 3479 646 3548 noir
683 3480 801 3547 faciam
811 3505 818 3545 :
830 3479 1133 3571 multiplicabimini,
1142 3485 1232 3552 etsrr-

122 3567 302 3647 aputeum.
324 3573 394 3640 Non
409 3573 496 3638 euim
508 3571 580 3638 veni
593 3595 645 3652 ro
686 3571 920 3657 mabopactum
932 3596 1040 3641 meum
1052 3574 1229 3644 vobiscum.

102 3657 300 3740 'care-justos,
313 3657 642 3752 scdpeccatores.lh.
689 3657 870 3726 Comedetis
901 3663 1111 3728 vetustissima
1142 3678 1231 3746 reto-

115 3751 146 3827 9'·
169 3743 216 3810 15.
232 3749 259 3810 V
262 3751 310 3814 ide
321 3751 416 3824 ,ΟΜ
436 3752 467 3816 6.
487 3751 519 3814 6.
565 3793 569 3804 ·
688 3771 779 3824 rum,
800 3762 833 3814 et
847 3761 953 3816 vetera
972 3752 1061 3816 noris
1081 3777 1116 3837 au
1140 3774 1233 3818 erro-

165 3831 226 3911 Qui
258 3841 368 3928 recipit
392 3837 585 3927 Prophetom
614 3837 646 3902 in
674 3837 868 3920 cientibus,
895 3839 1079 3928 projicietis.
1099 3777 1232 3905 'donam

108 3921 235 4007 nomine
253 3925 442 4017 Prophetae,
464 3925 646 3994 mercedem
687 3925 929 3996 tabernaculum
943 3953 1052 3994 meum
1070 3929 1104 3993 in
1123 3917 1232 3991 medio

108 4007 265 4100 Prophetae
285 4017 444 4106 accipiet:
467 4015 575 4104 etqui
594 4038 648 4080 rea
686 4012 1231 4102 vestrl,etnouabjicictrosanima

107 4099 176 4188 cipit
197 4098 321 4192 jamtum
340 4105 372 4170 in
399 4105 527 4172 nomine
548 4105 642 4192 jusu',
687 4125 770 4172 mea.
793 4103 1078 4180 Ambulabotstor
1103 4122 1177 4178 ros,
1200 4117 1233 4170 st

669 3057 673 3066 ,
797 3009 889 3060 118θῶ
912 3015 1121 3061 assumetur.
