2967 4675
232 374 292 436 208
471 366 553 436 OBS
1052 362 1137 430 ΟΒΤ

272 477 771 567 otariuutenimemaatpem-
859 484 898 547 Et
920 479 1090 545 noluerunt
1110 478 1300 552 attendere,
1325 492 1361 545 ut

110 622 114 625 .
228 566 524 654 quedaturAdner.
538 592 567 633 a.
583 569 660 658 Rog.
674 592 704 633 a.
720 572 769 633 18.
814 581 998 637 averterunt
1018 565 1180 656 aeapulam
1201 569 1361 635 reoedon-

274 656 336 735 Qui
347 654 602 733 nonaudieruut‚
614 657 670 725 aed
682 656 773 725 indu·
814 672 901 736 tem,
918 672 951 723 et
970 680 1062 723 aurea
1080 680 1151 721 suas
1167 679 1358 745 aggravave-

228 755 379 811 raverunt
395 744 554 811 cervicem
575 769 664 811 auam
686 746 773 833 juxta
814 761 907 823 runt,
920 770 960 813 ne
972 746 1129 813 audirent.
1145 747 1185 809 Et
1197 768 1360 811 corsuum
1459 790 1460 793 =

227 832 386 899 cervicem
403 846 531 921 patrum
548 858 701 910 suorum,
717 835 773 923 qui
814 846 989 927 posuerunt
1012 847 1046 899 ut
1070 834 1296 912 adamantem,
1317 858 1363 900 ne
1459 856 1460 913 ι

228 920 401 988 noluerunt
411 923 543 991 obedire
555 924 693 989 Domino
704 925 774 989 Deo
816 926 963 992 audirent
978 923 1079 1012 legem
1093 976 1101 1000 ,
1117 934 1179 989 etc.
1203 923 1303 1003 Ζασῂ.
1323 949 1357 1010 7.

228 1010 774 1101 auo.Etabjeoeruntiegitimaejua.
821 1040 869 1081 ιι.
890 1038 938 1080 ra.
954 1030 984 1079 ot
997 1036 1061 1100 aeq.
1078 1012 1109 1076 V
1110 1013 1164 1079 ida
1174 1012 1309 1078 naraon
1324 1036 1356 1079 a.
1459 1014 1460 1099 f

228 1102 634 1194 otpacturnmtoddiag.
654 1126 704 1188 17.
721 1105 770 1181 14.
817 1103 1212 1191 7.etaeq.Amoa4.11.
1459 1106 1460 1147 t

233 1192 282 1257 15.
300 1199 334 1255 et
347 1211 412 1275 atq.
445 1232 449 1240 ,
861 1190 1059 1266 Jerusalem,
1078 1186 1273 1265 Jerusalem,
1290 1212 1363 1277 quae
1459 1206 1460 1265 3

274 1276 483 1366 Mittebatque
496 1278 551 1345 *eia
573 1279 774 1369 Prophetae,
817 1281 936 1347 oeoidis
967 1279 1142 1369 Prophetas
1171 1318 1214 1330 --
1237 1280 1364 1365 quoties
1459 1330 1460 1359 2

230 1377 265 1432 ut
281 1378 518 1433 reverterentur
533 1367 574 1435 ad
585 1368 775 1444 Dominum,
816 1369 902 1437 volni
924 1390 1118 1457 congregare
1148 1366 1230 1433 sdioa
1261 1380 1363 1443 tuoe,
1458 1366 1460 1425 ἐ

230 1478 311 1543 quos
337 1467 570 1543 protestantes,
593 1456 639 1522 illi
665 1456 776 1523 audire
817 1457 1087 1547 quemadmodum
1102 1454 1218 1544 gallina
1231 1480 1365 1545 congre·

210 1542 393 1635 uolebant.
431 1568 461 1611 a.
486 1546 601 1614 Perat.
636 1549 689 1625 24.
723 1568 772 1633 19.
839 1559 871 1612 at
885 1546 988 1635 pullos
1004 1570 1077 1611 suos
1089 1545 1147 1610 aab
1161 1543 1294 1620 alae,et
1308 1570 1366 1609 no-

231 1634 364 1703 Videat
379 1657 487 1702 ml.
818 1572 933 1702 inisti?
960 1632 1078 1702 Mariti.
1110 1634 1161 1699 115.
1194 1636 1246 1720 57.
1279 1635 1366 1700 Vide
1460 1684 1461 1689 .

239 1782 243 1789 .
277 1722 431 1810 Fecitque
449 1722 636 1811 (Seteia)
654 1721 776 1791 maium
819 1725 895 1791 Lar.
918 1724 968 1793 15.
988 1725 1040 1802 et.

232 1810 266 1877 in
281 1810 383 1878 oculis
397 1812 525 1879 Domini
545 1810 605 1879 Dei
626 1813 696 1888 aui,
716 1834 777 1879 nee
861 1815 948 1879 Duri
961 1812 1103 1888 cervice,
1118 1823 1151 1877 et
1162 1809 1366 1878 incircumci-

232 1900 361 1965 arubuit
381 1899 498 1965 faciem
524 1898 673 1965 Jeremiae
697 1899 778 1965 Pm-
819 1902 860 1967 ais
882 1901 1033 1969 cordibus
1062 1912 1095 1965 et
1132 1900 1282 1976 auribus,
1308 1924 1364 1965 ros
1460 1940 1461 1961 ι

232 1985 361 2141 Bimae,
373 1983 531 2091 loquentia
550 1988 595 2089 ad
607 2011 643 2053 aa
660 2011 703 2091 ⁸¹.
720 2010 778 2053 ore
818 2014 945 2099 semper
962 1989 1092 2078 Spiritui
1108 1986 1228 2055 Sancto
1242 1989 1365 2055 resisti·

262 2075 778 2150 ommi-atmdurantoervroem
820 2092 948 2157 trs,etc.
968 2081 1043 2145 Aot.
1064 2102 1094 2165 7.
1113 2079 1167 2144 51.

232 2185 324 2229 auam
339 2174 778 2240 eteor,utuourerertera·
1332 2208 1335 2217 .

231 2263 286 2315 m,
302 2251 345 2318 „d
359 2251 533 2321 Dominum
548 2252 653 2321 Deum
665 2250 773 2321 [mal.
819 2248 1045 2296 oaraucrarro
1061 2252 1103 2297 ur
1117 2250 1357 2296 onrnacraroa.

233 2339 298 2407 Sed
312 2354 346 2408 et
360 2343 497 2410 universi
520 2342 778 2431 'rincipeasaeer
890 2379 940 2446 0⁶
1068 2381 1075 2400 ·
1105 2382 1149 2446 da

233 2429 346 2496 dotum
367 2442 400 2496 et
416 2367 559 2521 mut„
580 2431 778 2520 pumicati
943 2395 1094 2446 tractatae
1149 2399 1294 2448 meatur.

232 2532 306 2586 aunt
322 2520 449 2608 inique,
470 2532 534 2588 eto.
545 2520 566 2587 1
568 2521 636 2588 tit.
652 2522 704 2587 56.
725 2543 774 2586 ra.
866 2517 936 2586 Non
951 2517 1014 2585 oria
1029 2518 1229 2596 criminator,
1242 2539 1303 2586 uae
1315 2541 1366 2583 au-

232 2624 262 2673 at
276 2632 341 2696 aeq.
362 2611 393 2673 V
393 2610 491 2676 ἐάσοι
505 2635 533 2676 o.
553 2611 605 2677 do.
625 2613 657 2676 8.
820 2631 911 2674 aurro
927 2604 1097 2710 inpopulo.
1118 2607 1253 2693 [11119.
1271 2609 1320 2672 16.

276 2697 465 2765 Renuaruut
479 2700 626 2788 aoeipare
642 2697 779 2786 discipli·
857 2696 995 2762 Prohibe
1002 2695 1365 2784 liuguamtuauramaio:

234 2809 332 2854 nam:
350 2789 580 2856 induraverunt
595 2788 691 2855 iacies
706 2811 779 2854 suaa
820 2784 942 2852 otiabia
952 2784 1363 2872 tuaneloquanturdolum.

234 2878 780 3032 supregatrargr,5etnolueruntro·
821 2875 914 3042 ΡΣαὶὲ
941 2875 991 2940 55.
1010 2877 1072 2952 ,ι4.
1101 2874 1186 2938 Vide
1213 2892 1243 2939 et
1273 2876 1365 2940 Psoi.

235 2978 325 3029 verti.
368 2991 414 3030 er.
460 3015 469 3033 .
509 3015 518 3031 .
826 2987 836 3028 1
867 3012 874 3028 .
918 3010 925 3026 .

279 3052 480 3129 Sermonem,
497 3079 593 3143 quem
606 3055 732 3121 locutus
745 3077 779 3119 es
866 3051 1094 3118 Detrahonteru
1128 3059 1251 3118 secreto
1290 3077 1369 3140 pro-

234 3141 276 3205 ad
290 3163 348 3204 nos
359 3142 392 3206 in
409 3143 537 3208 nomine
549 3145 697 3219 Domini,
714 3167 778 3210 uon
821 3141 906 3206 ximo
928 3165 1005 3215 suo,
1029 3144 1116 3206 huno
1138 3143 1364 3228 persequabar.

235 3228 591 3307 audiemuaexto,etc.
611 3232 701 3297 Ibid.
721 3235 775 3310 44.
821 3230 909 3296 Pani.
940 3253 1009 3296 roo.
1042 3230 1071 3294 5.
1103 3229 1133 3290 V
1137 3230 1189 3296 ide
1210 3247 1241 3296 ct
1276 3231 1364 3298 Prot.

238 3319 287 3384 16.
306 3335 337 3383 et
359 3345 386 3384 c.
411 3343 474 3405 aeq.
827 3341 897 3404 119.
922 3343 949 3382 a.

278 3405 339 3472 Fili
351 3407 488 3474 hominia
499 3460 507 3485 ,
520 3410 612 3473 mitto
623 3432 683 3496 ogo
694 3420 726 3473 to
738 3406 777 3472 ad
865 3405 922 3472 Vir
945 3405 1107 3492 linguosus
1129 3429 1192 3474 uon
1212 3407 1369 3496 dirigetur

235 3493 316 3561 filios
333 3497 450 3573 lsrael,
468 3499 633 3586 adgentes
651 3510 769 3584 aporta-
822 3496 964 3560 interra.
984 3495 1072 3562 Paul.
1094 3496 1168 3584 159.
1189 3519 1237 3562 ra.

236 3584 347 3660 tricae,
370 3610 440 3674 quat
456 3600 657 3654 recesserunt
671 3593 688 3650 a
701 3610 777 3652 me:
865 3583 1005 3650 Remove
1023 3590 1040 3648 a
1058 3597 1088 3650 te
1108 3607 1142 3650 oa
1162 3607 1319 3672 pravum,
1337 3598 1370 3650 rt

233 3673 293 3760 ipsi
304 3689 336 3741 et
345 3688 450 3764 patres
461 3699 573 3744 eorum
584 3677 779 3764 praevaricati
822 3672 1020 3740 detrahentia
1038 3671 1120 3738 labia
1144 3673 1207 3740 sint
1223 3674 1368 3762 procula

233 3777 309 3829 suut
330 3777 461 3852 paetum
482 3788 592 3831 meum
615 3769 715 3852 usque
738 3763 780 3828 ad
822 3774 864 3828 te.
884 3763 984 3828 Prov.
1004 3763 1104 3841 414.

233 3851 321 3919 diem
337 3853 432 3920 hauc.
455 3855 494 3918 Et
509 3851 567 3919 iiiii
583 3853 663 3919 dura
675 3853 779 3929 faeie,
865 3849 977 3918 Timor
991 3849 1120 3918 Domini
1136 3849 1204 3918 odit
1218 3849 1342 3918 malum
1358 3877 1366 3916 ε

233 3955 266 4006 et
275 3943 460 4009 indomabili
467 3942 564 4010 corde
570 3941 775 4009 auntlt'zeoh.
823 3940 1035 4026 arrogantiam
1049 3989 1057 4014 ,
1072 3951 1105 4006 et
1119 3939 1323 4028 superbiam,
1337 3955 1370 4006 et

235 4056 267 4096 a.
295 4036 324 4100 5.
344 4037 376 4113 4.
394 4035 427 4098 V
427 4033 523 4100 ideo.
543 4034 574 4100 5.
593 4048 650 4097 etr.
670 4032 703 4098 6.
721 4056 781 4119 per
822 4029 1065 4116 dampnatum,
1079 4027 1370 4118 atoabilinguoda-

232 4137 348 4189 totum.
824 4129 930 4184 testor.
954 4115 1041 4182 idid.
1062 4119 1092 4184 8.
1114 4119 1162 4184 td.
