2967 4675
366 252 454 322 vor
956 249 1043 316 vor
1115 300 1117 304 .
1204 251 1265 338 ιι,

131 368 245 514 facea
266 360 340 428 liliis
357 361 513 438 Ammon,
536 363 680 431 eumho-
761 365 833 430 lleoe
871 363 1076 430 Arsacem
1110 365 1267 453 precepit

145 463 313 518 ocaustum
358 449 491 516 offeram
528 451 676 522 Domino.
718 452 1024 540 Esdrceetpopulo,
1038 451 1266 518 urserammu-

133 539 246 604 ludio.
266 564 316 605 ιι.
336 541 389 606 5ο.
407 541 460 606 5ι.
718 565 795 608 nera
819 541 957 606 Domino
973 540 1041 606 Deo
1058 539 1154 605 lsrno'l
1169 590 1178 618 ,
1195 565 1265 629 quse

179 627 362 694 cumesses
383 627 475 695 Anna
491 652 600 694 amaro
616 630 681 700 eni·
717 644 858 698 voverat
873 629 949 719 ipse.
969 629 1000 694 5.
1018 628 1118 711 Esdr.
1138 631 1169 694 8.
1193 633 1241 710 ¹4·
1344 663 1348 669 ·

133 739 206 794 mo,
223 717 378 784 oravitad
394 717 680 794 Dominum,ssens
764 719 881 821 Omnis
904 741 948 820 po
973 716 1043 784 ulus
1070 728 1143 806 post
1168 717 1266 784 victo
1385 775 1388 780 .

131 802 284 895 largiter,
312 818 345 872 el
366 818 476 872 votum
501 805 606 882 vovit,
635 806 681 870 di·
719 808 801 874 riam
811 819 936 874 venitm
945 741 1123 872 leroselem
1134 805 1268 890 adorere

133 915 209 960 eene
226 918 235 960 ε
256 895 392 962 Domine
411 895 629 972 exercituum,
654 895 680 960 si
719 897 915 963 Dominum:
931 893 1271 983 etmonutpurificati

134 983 306 1070 respiciens
322 1023 365 1034 -
377 983 567 1072 dederisque
583 1007 680 1050 servre
720 997 813 1060 sunt,
838 982 1155 1053 obtulerunt.omnes
1177 983 1266 1050 holo-

134 1083 196 1138 tuae
213 1094 323 1138 sexum
340 1071 480 1150 virilem,
498 1073 583 1138 dabo
606 1095 679 1138 eum
719 1084 849 1149 causta,
871 1085 904 1138 et
923 1084 1015 1149 vota,
1031 1082 1063 1135 et
1082 1073 1267 1159 promissio-

134 1159 272 1226 Domino
299 1161 447 1231 omnihus
475 1161 588 1228 dicbus
611 1162 680 1226 vitae
720 1186 777 1230 nes
792 1185 876 1226 suas.
894 1159 1015 1225 Juditle
1034 1160 1084 1224 16.
1105 1184 1156 1225 aa.

132 1249 222 1336 ejus.
238 1262 269 1316 et
281 1249 435 1318 novacula
451 1273 516 1316 non
529 1250 680 1316 ascendet
766 1252 808 1315 Et
819 1251 995 1316 timuerunt
1009 1247 1068 1314 viri
1087 1247 1164 1334 (qui
1174 1266 1269 1315 erant

132 1361 228 1426 super
248 1351 345 1428 caput
373 1339 453 1428 ejus.
489 1361 516 1404 1.
541 1338 617 1425 neg.
650 1360 675 1402 ι.
722 1341 760 1404 in
788 1339 872 1405 navi
903 1360 980 1402 cum
1006 1337 1098 1403 lona
1125 1337 1270 1422 ltimore

136 1450 186 1492 ro.
209 1450 258 1492 ιι.
496 1497 503 1510 ‚
721 1450 838 1515 magno
857 1426 1050 1502 Dominum,
1070 1434 1103 1488 et
1121 1424 1270 1490 immola—

179 1515 263 1581 Dixit
282 1513 434 1582 Absalom
445 1514 609 1603 udregem
620 1515 682 1580 Da·
720 1528 836 1582 verunt
856 1515 975 1580 hostias
993 1513 1148 1591 Domino,
1165 1526 1197 1579 et
1212 1537 1269 1579 vo-

137 1602 190 1666 vid
205 1626 213 1666 :
231 1604 373 1680 Vadam,
401 1614 434 1669 et
451 1603 585 1668 reddam
607 1614 680 1668 vota
721 1616 836 1670 verunt
851 1614 934 1668 vote.
948 1601 1045 1668 Jonoe
1061 1626 1088 1666 ι.
1108 1603 1158 1666 16.

136 1713 226 1768 mea,
267 1713 314 1756 uae
335 1691 406 1757 vovi
422 1690 559 1757 Domino
575 1692 607 1757 in
619 1693 681 1756 He·
767 1691 957 1758 Heliodorus
986 1703 1094 1757 autem
1121 1691 1272 1777 (virtute

135 1780 230 1844 bron.
244 1715 381 1847 lvovens
399 1781 486 1846 enim
505 1780 590 1846 vovit
613 1803 681 1846 ser·
722 1781 844 1848 divina
858 1780 1171 1872 graviterpunitus,
1183 1796 1272 1846 aaa·

135 1892 194 1934 vus
212 1881 302 1944 tuus,
323 1875 397 1935 clim
413 1881 495 1936 esset
509 1871 542 1935 in
563 1869 681 1938 Gessur
722 1885 822 1937 natue
844 1886 904 1958 per
923 1871 1107 1934 oratiorum
1126 1869 1269 1956 onie),

137 1957 236 2046 Syriae
248 2009 257 2033 ,
267 1957 376 2025 dicens
390 1983 398 2025 ε
414 1959 448 2025 si
459 1958 618 2024 reduxerit
630 1981 681 2023 me
722 1958 826 2025 hostie
837 1960 905 2027 Deo
914 1957 1019 2024 oblata
1029 2009 1040 2034 ,
1051 1967 1085 2023 et
1095 1959 1269 2046 votismeg-

136 2046 292 2112 Dominus
314 2048 348 2112 in
366 2047 565 2122 Jerusalem,
582 2047 682 2114 sacri-
723 2047 950 2136 nis-promissis
968 2085 1013 2097 -
1038 2045 1212 2136 repedabat
1228 2047 1270 2113 ad

134 2131 241 2203 lioubo
256 2136 611 2226 DominoDixitqneei
626 2157 683 2202 rex
723 2159 841 2225 regem.
862 2159 893 2202 ι.
914 2135 1025 2202 Maon.
1051 2136 1081 2202 5.
1106 2137 1159 2203 55.
1185 2135 1271 2202 Vide

136 2224 239 2290 David
256 2249 265 2290 r
282 2223 372 2292 Vade
392 2227 425 2292 in
446 2249 536 2314 pece.
557 2226 598 2290 m
616 2249 683 2292 sur-
722 2226 832 2292 similo
849 2223 890 2290 do
909 2221 1094 2297 Antiocho,
1111 2247 1138 2289 e.
1163 2249 1193 2313 9.
1217 2227 1265 2291 ι5.

136 2314 238 2391 rexit,
261 2327 294 2380 et
320 2314 397 2381 abiit
420 2315 452 2381 in
475 2314 617 2384 Hebron.
649 2338 678 2382 a.
723 2329 831 2402 etseq.

133 2404 183 2469 Ro
205 2450 212 2469 .
237 2406 285 2469 15.
303 2428 332 2491 7.
351 2420 382 2471 et
396 2427 459 2491 req.
767 2403 980 2491 Beotavirgo
995 2400 1109 2467 Maria
1121 2402 1270 2492 uirgini-

179 2428 251 2557 lex
275 2492 347 2559 Ara
362 2494 523 2583 perfectus
545 2510 615 2561 erat
635 2516 691 2567 co,
725 2506 826 2557 taum
846 2490 974 2557 neuim
994 2488 1129 2555 eidetw·
1151 2512 1194 2555 ec·
1215 2514 1270 2567 eo,

135 2602 213 2642 ram
235 2580 413 2647 Domino:
437 2594 468 2645 et
490 2580 598 2647 intulit
622 2605 682 2659 ea,
725 2580 812 2666 quod
832 2580 882 2644 ait
904 2578 950 2643 cd
965 2577 1159 2669 Angelum:
1180 2577 1271 2659 Quo-

135 2690 208 2757 que
224 2668 473 2736 sanctificaverat
484 2682 574 2759 pater
589 2694 682 2745 suus,
726 2668 822 2735 modo
846 2667 904 2733 fiet
929 2666 1031 2745 istud,
1074 2666 1204 2735 uonilm
1227 2668 1270 2734 vi·

134 2769 169 2822 et
185 2769 330 2835 voverat,
346 2757 378 2823 in
395 2758 526 2823 domum
538 2758 683 2835 Domini,
725 2781 798 2823 rum
812 2754 877 2827 'non
889 2691 1075 2845 cognoscol
1086 2754 1155 2821 Luc
1170 2780 1197 2821 ι.
1214 2759 1266 2838 54.

136 2858 329 2935 argentum,
346 2858 378 2913 et
397 2870 510 2913 aurum
525 2898 533 2924 ,
550 2861 582 2915 et
597 2871 681 2915 vasa.
772 2846 837 2925 Qui
860 2845 1025 2933 (Paulus)
1050 2844 1109 2910 sibi
1124 2846 1270 2911 retonde·
1361 2867 1365 2877 ’

135 2934 169 2999 5.
186 2934 262 3026 lleg.
288 2938 336 3001 ι5.
357 2936 405 3001 ι5.
424 2936 456 2999 V
457 2936 510 3001 ide
524 2960 552 3002 e.
565 2936 680 3005 Paral.
727 2935 821 3001 retia
833 2934 987 3001 cenchris
1003 2945 1117 3024 caput:
1131 2932 1272 3001 habebnt

140 3024 192 3087 15.
222 3026 270 3089 18.
294 3022 392 3111 idem
412 3041 503 3091 ectaz
525 3025 565 3091 de
592 3026 687 3092 Solo-
727 3023 813 3091 enim
824 3035 944 3090 votum.
958 3025 1035 3089 Act.
1058 3026 1173 3090 ι8.ι8.
1187 3024 1274 3090 Vide

132 3132 254 3189 neom,
269 3136 298 3178 a.
317 3114 397 3181 Par.
417 3115 447 3179 5.
467 3138 494 3179 ι.
728 3136 755 3177 c.
778 3135 829 3179 ιι.
851 3113 902 3178 ι5.

184 3198 598 3291 Laeletusqueestpopulus‚
611 3208 686 3271 cum
773 3200 1221 3291 Crudeleuotumetimpium
1231 3204 1275 3293 fe

134 3300 212 3357 vota
235 3296 348 3379 sponte
356 3290 686 3443 §maritumaeque
728 3305 843 3357 cerum
854 3289 909 3356 illi
918 3289 942 3352 J
944 3289 1049 3365 odoi,
1066 3291 1121 3380 qui
1135 3314 1274 3359 accesse-

134 3378 238 3447 corde
257 3391 354 3444 toton
380 3378 512 3445 erebant
523 3401 560 3444 ea
575 3380 688 3446 Domi-
729 3391 804 3445 runt
831 3379 871 3445 ad
892 3380 992 3467 princi
1016 3403 1049 3443 es
1072 3379 1273 3448 sacerdotum

134 3490 184 3534 no
203 3490 211 3532 :
236 3466 293 3533 sed
312 3480 346 3534 el
366 3464 468 3534 David
489 3491 545 3534 rex
563 3466 686 3537 letatus
729 3482 762 3535 et
776 3469 936 3547 seniores,
947 3404 1137 3554 etdiserunt
1150 3494 1158 3535 ι
1172 3470 1273 3536 Devo-

134 3568 190 3623 est
204 3556 320 3645 gaudio
336 3580 463 3647 magno.
484 3581 510 3623 ι.
530 3557 611 3623 Por.
633 3581 684 3648 ²9·
729 3557 1097 3634 tionadevovimus‚nos
1109 3556 1188 3625 nihil
1220 3582 1271 3628 os-

138 3671 173 3734 9.
186 3732 250 3801 Sed
268 3747 300 3800 et
314 3733 371 3801 filii
388 3734 484 3801 lera‘el
500 3747 534 3801 et
548 3734 632 3803 Juda
645 3776 688 3787 —
728 3645 985 3803 ldidlolb'iiilliedc
995 3645 1203 3815 ‘lellldllidlelso
1223 3673 1275 3801 ili.

136 3822 684 4001 auenniensem
755 3870 1253 3975 ‚vomereuom-

137 4026 170 4065 ι.
190 4002 303 4069 Paral.
322 4003 376 4069 5ι.
395 4002 426 4069 5.
446 3990 533 4071 Vide
543 4028 575 4071 v.
600 4028 647 4071 ιι.
776 4002 978 4089 locutusque
997 4016 1046 4070 est
1067 4002 1221 4069 Dominus
1237 4004 1277 4070 nd
