2967 4675
368 283 469 368 uu
669 253 670 256 ‘
953 279 1023 346 viu
1163 223 1169 234 ’
1204 279 1273 370 us

333 416 455 497 'vtum
530 422 533 429 ¹
942 453 1050 496 vluul.

155 591 262 654 Vinea
285 589 437 678 uulgaris
459 586 651 676 etruystica.
746 582 777 651 V
779 590 830 653 ini
846 589 965 655 almus
984 596 1085 676 quam
1110 594 1242 658 wius.
1341 675 1345 683 .

176 747 346 834 Cmpitque
369 745 436 811 Noe
463 745 511 815 vir
536 743 675 833 agricola
766 746 939 812 Luxuriosa
951 769 1022 821 res,
1040 747 1193 814 vinumet
1209 760 1263 813 tu-

135 846 423 908 exerceretcrram,
433 846 465 898 et
474 833 677 923 plantavitui-
721 834 880 901 multuosa
896 835 1034 899 ebrietas
1048 829 1271 925 :quicumque

132 947 237 990 neam.
259 925 338 988 Gen.
355 947 386 1011 9.
408 947 458 990 ao.
721 926 770 990 his
801 923 999 998 delectatur,
1026 942 1093 990 non
1118 927 1179 991 crit
1209 949 1262 992 sa·

187 1014 351 1102 Ingressus
382 1013 507 1078 vincam
538 1011 676 1100 proximi
721 1015 822 1104 piens.
838 1014 938 1078 Proe.
958 1035 1009 1078 eo.
1030 1036 1057 1076 r.

134 1103 204 1178 tui,
238 1100 371 1167 comede
408 1125 484 1166 uvas
518 1107 676 1192 quantum
769 1102 829 1166 Cui
861 1101 929 1166 vae?
962 1101 1055 1188 cujus
1085 1101 1168 1188 patri
1196 1104 1265 1168 vaei'

131 1191 189 1256 tibi
244 1190 378 1255 iacuerit
408 1191 419 1254 :¹
450 1191 534 1256 foras
566 1203 676 1255 antem
722 1192 775 1257 cui
801 1190 894 1256 rixael
915 1191 966 1256 cui
988 1189 1176 1255 loveaelcui
1197 1191 1265 1256 sine

133 1303 201 1346 nee
227 1291 421 1345 crastenum.
431 1279 527 1343 Deut.
546 1280 597 1342 a&
623 1281 674 1356 ad.
723 1284 819 1345 causei
845 1276 1001 1343 vulnera?
1032 1279 1092 1343 cui
1134 1277 1265 1344 sull'usio

133 1370 165 1433 V
167 1370 220 1440 ι’άι
231 1393 258 1432 e.
272 1369 326 1434 52.
342 1369 395 1432 52.
723 1366 916 1434 oculorum?
928 1379 1035 1432 nonne
1046 1365 1266 1455 his‚quicom-

175 1458 277 1522 Vinea
309 1457 369 1520 suit
396 1453 531 1542 pacifico
562 1455 594 1517 in
622 1463 676 1530 cat,
722 1468 889 1520 morentur
908 1455 941 1520 in
957 1455 1063 1528 vitro.
1088 1466 1121 1519 et
1136 1453 1266 1528 student

131 1569 203 1634 qum
237 1545 336 1608 habet
365 1542 500 1632 populos
522 1542 679 1608 :tradidit
723 1544 876 1611 calicibus
892 1543 1266 1633 epotandislNeintuca·

133 1629 207 1698 cain
224 1632 431 1704 custodibus;
450 1632 498 1696 vir
514 1629 605 1696 allent
620 1655 679 1721 pro
724 1635 768 1699 ris
798 1633 908 1698 vinum
941 1633 1069 1720 quando
1103 1631 1264 1710 flavescit,

135 1723 245 1788 sructu
284 1721 352 1807 ejus
382 1719 469 1785 mille
499 1734 675 1808 argenteos.
724 1729 799 1788 cum
819 1721 1013 1810 splenduerit
1029 1721 1060 1785 in
1076 1722 1158 1788 vitro
1174 1721 1263 1789 color

133 1811 235 1877 Vinea
244 1833 314 1874 mea
324 1833 434 1875 coram
445 1834 494 1873 me
504 1819 562 1874 est.
577 1809 676 1875 Cant.
724 1813 793 1897 eius
811 1836 819 1875 r
838 1811 1016 1897 ingreditur
1040 1809 1179 1887 lilande,
1207 1811 1264 1877 sed

35 1969 36 1978 ¹
134 1903 166 1966 8.
200 1924 248 1962 ιι.
279 1923 327 1964 rr.
355 1899 442 1964 Vide
464 1901 551 1965 Psel.
572 1899 625 1986 69.
646 1924 676 1986 9.
724 1901 944 1966 innovissimo
963 1900 1267 1966 mordebituteolu·

130 1996 246 2074 etseq.
350 2061 353 2070 Ι
723 1991 802 2064 ber,
827 1990 966 2055 etaient
988 1986 1116 2078 regulus
1141 2013 1264 2055 venena

182 2076 327 2161 Cantabo
348 2074 464 2142 dilecto
486 2099 557 2141 meo
578 2078 681 2150 ¹canti·
724 2079 890 2144 diffundet.
919 2077 1014 2144 Oculi
1040 2078 1085 2144 tui
1112 2078 1267 2144 videbunt

136 2169 214 2230 cu'm
234 2163 386 2256 patruelis
403 2165 467 2230 mci
488 2166 587 2231 vincae
603 2189 675 2234 suae.
724 2180 905 2244 extraneas,
924 2179 956 2232 et
973 2190 1031 2232 eor
1047 2178 1138 2231 tuum
1153 2165 1266 2256 loque-

132 2255 237 2320 Vineu
261 2256 344 2320 lacta
361 2267 409 2318 est
425 2253 541 2320 dilecto
559 2279 632 2320 meo
647 2257 680 2320 in
724 2270 776 2322 tur
787 2279 945 2347 perversa.
963 2257 1003 2322 Et
1019 2256 1081 2320 cris
1097 2257 1178 2321 sicut
1193 2257 1267 2322 dor-

132 2342 239 2410 co'rnu
270 2344 326 2432 fiJii
357 2342 441 2420 clei,
478 2356 539 2411 ctc.
582 2344 682 2409 Isaiae
726 2348 827 2412 miens
840 2348 872 2411 in
885 2346 991 2411 medio
1010 2344 1109 2421 mari,
1130 2358 1161 2411 et
1177 2348 1268 2433 quasi

134 2436 166 2499 5.
190 2457 216 2499 1.
230 2433 317 2518 Vide
328 2441 441 2519 uersus
455 2450 619 2519 sequentes
628 2458 681 2499 uc·
726 2437 847 2523 sopitus
885 2434 1103 2520 gubernator,
1151 2435 1267 2500 amisso

113 2534 116 2539 ’
133 2529 198 2609 qud
212 2513 301 2586 adu.
319 2524 349 2585 8.
368 2522 453 2587 Item
467 2546 492 2585 e.
514 2546 540 2592 a.
562 2525 592 2587 8.
607 2522 678 2585 Jer.
726 2522 836 2594 elavos
851 2533 884 2585 et
892 2522 979 2587 dices
992 2543 999 2583 :
1010 2520 1269 2588 Verberaverunt

136 2602 376 2675 e.21..l0el1.
398 2634 428 2695 7.
450 2618 497 2673 il.
533 2644 535 2647 ·
727 2634 799 2687 me,
824 2609 961 2675 sednon
978 2609 1269 2683 dolui3traxerunt

141 2698 146 2753 ἶ
175 2696 298 2763 'Simile
313 2708 361 2764 ost
379 2711 518 2785 regnunt
532 2696 683 2763 caelorum
727 2722 780 2765 me
795 2751 804 2776 ,
820 2711 853 2764 et
868 2722 927 2788 ego
942 2722 1008 2764 non
1023 2699 1122 2771 sensi;
1141 2700 1270 2787 quando

134 2787 262 2864 homini
279 2783 496 2875 patrifamilias
512 2817 523 2860 ‚·
538 2786 592 2875 qui
609 2786 684 2852 exiit
728 2788 901 2877 evigilabo,
918 2800 951 2853 et
968 2792 1078 2853 rursus
1093 2788 1164 2853 vina
1177 2810 1271 2878 repe-

131 2876 243 2967 primo
274 2892 368 2941 mane
399 2876 580 2941 conducere
606 2898 684 2965 ope·
729 2879 833 2944 riami'
860 2876 950 2964 Ibid.
987 2876 1039 2941 25.
1071 2898 1122 2965 29.
1148 2895 1267 2967 etseq.

131 2966 238 3031 rarios
257 2965 289 3029 in
302 2965 431 3048 vineant
440 2986 541 3029 suam
560 2964 680 3033 Marto.
730 2968 762 3032 V
764 2969 816 3033 ide
825 2992 858 3033 u.
876 2990 928 3032 ro.

130 3076 184 3120 ro.
227 3078 253 3118 1.
296 3053 381 3119 Vide
417 3076 530 3119 versus
549 3078 685 3142 aequen-
736 3115 741 3130 ,
774 3056 844 3123 ΝοΙί
874 3055 1028 3144 regibus,·
1056 3056 1075 3119 ὃ
1108 3055 1268 3136 ¹Lamuel,

126 3162 185 3210 tes.
729 3144 795 3212 noli
810 3145 935 3235 regibus
951 3144 1029 3209 dere
1042 3144 1153 3211 vinum
1171 3149 1271 3234 :qisia

178 3230 297 3297 Aliam·
324 3230 511 3321 parabolam
546 3233 682 3304 nuditer
729 3234 1039 3316 nullpmsecretum
1064 3247 1113 3301 cst
1139 3236 1195 3301 uhi
1218 3259 1270 3300 rc-

130 3322 243 3387 Homo
268 3334 336 3384 erat
360 3319 604 3408 paterfamilias,
629 3322 685 3409 qui
729 3336 809 3413 gnat
826 3324 986 3389 ebrietas:
1000 3334 1033 3389 et
1056 3346 1098 3387 ne
1120 3324 1201 3389 forte
1223 3324 1273 3397 bin,

130 3409 294 3501 plantavit
325 3408 479 3486 vineam,
512 3421 544 3472 et
574 3432 684 3497 sepem
729 3414 825 3489 hant,
842 3424 875 3477 ct
889 3411 1118 3477 obliviscantur
1128 3407 1268 3499 judicio·

132 3496 353 3567 circumdedit
376 3498 424 3574 ei,
448 3510 480 3563 et
503 3497 582 3562 sodit
599 3500 631 3573 in
647 3504 687 3563 ed
729 3526 818 3578 rum,
843 3514 875 3567 ct
897 3512 1023 3566 mutent
1041 3522 1172 3565 causam
1187 3498 1271 3566 silio-

132 3586 301 3663 torcular,
321 3599 354 3651 et
371 3586 538 3655 tcdllicavlt
555 3587 684 3663 turrim,
730 3615 802 3662 rum
821 3591 979 3680 pauperis.
1002 3587 1092 3655 Ilia.
1109 3588 1162 3654 51.
1180 3593 1212 3669 d.
1235 3592 1265 3656 5.

130 3691 165 3744 et
196 3676 318 3745 locavit
347 3699 419 3741 eam
450 3674 597 3764 agricolis
612 3718 626 3752 ,ι
651 3689 686 3763 et
731 3682 865 3751 Video.
884 3682 915 3745 6.
933 3679 1021 3746 Item
1036 3678 1140 3752 Ereti.
1159 3703 1191 3768 9.
1221 3683 1270 3747 ι5.

131 3772 272 3855 peregre
325 3765 463 3831 relectus
497 3777 554 3846 mt.
591 3764 681 3833 Ibid.
729 3786 759 3835 et
775 3794 803 3835 e.
825 3773 879 3849 do.
902 3792 954 3835 eo.

133 3880 188 3921 21.
214 3856 268 3920 55.
309 3870 374 3919 tem
390 3854 496 3921 Mure.
525 3876 572 3920 re.
601 3879 627 3921 1.
655 3870 685 3921 ιι
773 3860 845 3935 Vae,
872 3856 928 3945 qui
958 3856 1148 3945 consurgitis
1178 3869 1272 3922 mane

129 3946 310 4029 sequeutes.
342 3942 418 4009 Late.
453 3966 503 4035 re.
528 3966 558 4031 9.
590 3962 620 4010 et
634 3958 685 4010 se·
729 3946 773 4013 ad
796 3947 984 4013 ebrietatem
1011 3944 1221 4021 sectandam,¹
1239 3959 1273 4010 et

130 4048 279 4118 quantes.
368 4037 372 4045 '
397 4026 401 4033 ¹
502 4046 505 4056 ’
729 4036 1021 4123 potandumusque
1036 4033 1078 4097 ad
1092 4054 1269 4121 vesperam,
