2967 4675
336 358 421 425 ona
900 352 987 421 om
1171 354 1226 441 157

119 482 147 533 ot
155 468 302 534 Salvator
312 490 422 543 meus,
439 480 501 533 etc.
520 490 549 533 e.
567 466 643 560 ch.
664 423 671 493 l
690 467 837 555 Speciosa
864 464 1078 531 misericordia
1111 466 1169 530 Dei
1197 467 1228 530 in

120 580 165 621 ιι.
186 582 213 622 s.
233 559 269 622 ln
288 555 491 622 tribulatione
512 564 583 621 met
603 558 648 621 in·
688 570 830 643 tempore
860 552 1101 626 tribulationis,
1138 556 1229 643 pransi

116 648 229 710 vocabo
236 645 425 722 Dominum,
443 657 474 709 ct
490 645 531 709 ad
545 647 648 711 Deum
689 646 789 709 nubes
804 643 917 731 pluvius
933 644 964 707 in
981 655 1123 729 tempore
1139 642 1228 708 sicci-

116 758 216 797 meum
228 734 392 801 clamabo:
407 747 438 797 et
450 734 597 799 exaudiet
608 734 648 799 de
689 734 771 798 tatis.
789 757 821 798 u.
845 734 895 797 26.

116 821 229 909 templo
247 846 304 887 suo
323 845 434 887 vocem
460 846 592 899 meam,
616 835 649 887 et
732 822 880 908 Eritquc,
894 827 1062 909 antequam
1074 818 1226 893 clament,

114 909 229 975 clamor
246 935 337 975 meus
363 912 468 976 veniet
493 912 534 975 ad
557 934 647 976 aures
689 934 748 997 ego
768 910 933 974 exaudiam
952 933 960 973 ι
978 908 1082 973 odbuc
1102 907 1163 972 illis
1182 904 1226 971 lo

111 998 644 1086 ejus.v.7.VidePsol.17.e.5.ct7.
689 998 881 1085 quentibus,
908 1020 966 1086 ego
996 996 1131 1063 audiam.
1156 995 1223 1062 Iso.

155 1089 214 1151 Ae
228 1089 409 1153 Salomon:
424 1090 464 1151 Et
478 1112 566 1154 nunc
580 1090 647 1154 Do·
689 1089 741 1152 65.
764 1090 813 1166 24.

110 1176 196 1240 mine
209 1176 314 1251 Deus,
339 1190 373 1239 tu
396 1200 528 1265 regnare
544 1179 646 1244 fecisti
676 1202 686 1233 ι
732 1178 773 1240 llt
785 1178 906 1242 lactum
921 1185 968 1239 cst
979 1198 987 1237 :
997 1178 1071 1239 clim
1083 1195 1227 1237 consum·

111 1287 233 1329 servum
250 1278 341 1329 tuum
361 1287 418 1352 pro
438 1264 538 1331 David
557 1280 647 1357 patre
688 1276 804 1329 massot
814 1261 1227 1336 comedereherbamterrae,

111 1376 199 1429 meo,
215 1376 273 1441 ego
285 1365 393 1418 autem
409 1377 477 1418 sum
488 1378 569 1443 puer
578 1380 649 1445 par·
690 1353 777 1417 dixi:
795 1350 932 1416 Ι)οιιιίιιο
948 1350 1053 1425 Deus,
1077 1348 1230 1435 propitius

109 1440 217 1517 sulus,
231 1455 263 1506 et
278 1444 426 1529 ignorans
439 1466 600 1530 egressum
615 1454 648 1507 et
690 1454 778 1515 esto,
803 1439 936 1503 obsecro
952 1461 959 1501 :
978 1436 1047 1523 quis
1068 1435 1233 1499 suscitabit

106 1529 271 1595 introitum
287 1553 407 1594 meum.
424 1531 454 1593 5.
473 1532 550 1619 lleg.
570 1532 600 1594 5.
615 1556 645 1616 7.
691 1523 1235 1612 lucob,quiaparvuluscst'lAmos

105 1618 138 1679 V
138 1620 185 1683 id.
196 1640 310 1683 uersus
323 1632 495 1702 sequentes.
694 1642 725 1702 7.
747 1639 776 1679 2.
795 1613 882 1676 Vide
896 1627 927 1676 et
939 1637 972 1677 c.
992 1616 1023 1677 5.

152 1705 217 1770 Sed
244 1706 278 1768 in
307 1706 452 1769 oratione
482 1705 652 1792 persistens
739 1704 779 1765 Et
804 1707 878 1766 clim
905 1702 1026 1776 oratis,
1058 1722 1122 1764 non
1149 1699 1236 1765 eritis

108 1794 243 1877 (Sara)
259 1842 268 1865 ,
285 1815 360 1857 cum
380 1791 529 1879 lacrymis
544 1790 654 1880 depre-
695 1792 777 1854 sicut
793 1790 983 1893 hypocritae,
1000 1789 1054 1875 qui
1078 1800 1185 1853 amant
1202 1789 1233 1853 in

102 1881 248 1945 cubator
264 1880 387 1954 Deum,
408 1892 443 1943 ut
458 1881 496 1944 ab
513 1882 573 1945 isto
592 1881 653 1945 im·
695 1902 858 1967 synagogis
874 1892 904 1941 et
923 1880 955 1943 in
971 1876 1091 1966 angulis
1110 1877 1231 1965 platea-

103 1967 263 2055 properio
274 1965 510 2033 liberareteam.
525 1969 601 2034 Tot.
619 1970 647 2034 5.
694 1980 888 2031 vumstantes
901 1990 1006 2043 orare,
1017 1979 1052 2031 ut
1064 1966 1231 2032 videantur

108 2079 165 2118 ιι.
185 2055 293 2119 Dixit:
310 2055 518 2123 benedictum
534 2070 650 2122 ostno-
692 2056 1228 2130 abhominibus:amendicovobis,

102 2156 311 2219 meatuum,
332 2144 649 2234 Deuspatrumnos-
689 2157 876 2232 receperunt
910 2145 1090 2211 mercedem
1125 2168 1225 2209 suam.

103 2246 251 2305 trorum,
269 2234 324 2319 qui
340 2256 413 2298 cum
427 2236 525 2300 iratus
536 2235 646 2311 lucris,
688 2234 806 2300 Masso.
826 2235 856 2298 6.
877 2234 906 2297 5.
926 2233 979 2299 Sic
994 2240 1069 2322 ergb
1085 2256 1140 2297 vos
1157 2256 1231 2298 ora-

104 2321 356 2386 misericordiam
364 2323 472 2400 socies,
482 2336 514 2392 ct
525 2324 558 2388 in
571 2337 648 2390 tem·
688 2322 787 2388 bitis:
813 2321 905 2388 Pater
928 2336 1054 2399 noster,
1075 2323 1178 2410 quies
1197 2322 1229 2386 iu

106 2409 418 2496 peretribulationis
445 2426 575 2500 peccatu
602 2414 647 2478 di·
689 2411 796 2487 coelis,
815 2411 1031 2478 sanctificetur
1046 2434 1165 2476 nomen
1178 2421 1231 2473 tu-

105 2499 204 2562 mittis
221 2499 290 2575 bis,
306 2500 359 2586 qui
375 2500 524 2566 invocant
539 2514 581 2566 te.
598 2501 647 2566 rld
689 2524 764 2577 um,
781 2513 844 2566 etc.
859 2525 892 2564 o.
905 2525 936 2586 9.
949 2499 1119 2564 ltcmboe.
1136 2522 1185 2560 ιι.
1199 2521 1227 2560 ι.

108 2597 159 2662 tc,
193 2586 357 2662 Domine,
389 2589 502 2654 faciem
543 2613 647 2654 meam
731 2590 860 2664 Potite,
900 2599 931 2650 at
961 2587 1087 2650 dubitur
1115 2585 1230 2648 vobis:

108 2687 258 2738 converto
278 2699 285 2739 :
311 2675 351 2739 ad
374 2688 406 2740 te
427 2677 537 2743 oculos
559 2703 648 2742 meos
688 2679 818 2765 quaerito
830 2727 838 2752 ,
851 2688 881 2739 et
895 2675 1079 2738 invenietis:
1095 2671 1232 2758 pulsate,

107 2762 218 2850 dirigo.
245 2763 346 2839 Peto,
369 2765 530 2842 Domine,
553 2778 588 2830 ut
608 2768 648 2831 de
689 2778 721 2830 et
737 2765 897 2852 aperietur
920 2761 1020 2826 vobis.
1039 2759 1127 2824 leid.
1149 2783 1178 2844 7.
1200 2784 1229 2845 7.

109 2850 236 2916 vinculo
243 2850 423 2939 improperii
436 2854 531 2942 hujus
543 2855 646 2920 absol·
689 2854 775 2917 Item
791 2853 868 2917 Luc.
895 2874 944 2914 ιι.
964 2873 996 2938 9.

109 2961 157 3003 vas
175 2962 248 3014 me,
267 2952 321 3004 aut
336 2948 424 3005 certe
439 2940 573 3032 desuper
589 2955 649 3009 ter·
735 2943 854 3006 lterum
876 2939 949 3005 dico
962 2937 1081 3018 vobis,
1109 2937 1182 3023 quia
1206 2937 1230 3002 si

110 3049 175 3092 ram
190 3029 304 3115 eripias
319 3052 381 3093 me.
400 3055 433 3094 ο.
458 3033 505 3095 ι5.
524 3049 554 3096 ct
567 3055 630 3112 seq.
691 3028 755 3093 duo
764 3052 802 3096 ex
812 3026 1127 3095 vobisconsenserint
1135 3049 1232 3115 super

139 3115 235 3180 Tunc
246 3113 413 3191 Eliacbim,
424 3117 578 3184 Sacerdos
586 3120 648 3184 Do-
689 3130 827 3191 terram,
847 3117 885 3182 do
899 3118 984 3182 omni
1001 3139 1232 3204 requamcum-

111 3203 184 3266 mini
196 3226 346 3291 maguus,
362 3205 507 3272 circuivit
519 3229 647 3272 omnem
689 3229 753 3292 que
772 3206 940 3293 petierint,
958 3206 1012 3271 fiet
1029 3205 1088 3270 illis
1104 3211 1122 3270 b
1139 3204 1231 3268 Patre

112 3287 227 3366 lsrael,
255 3290 473 3381 allocutusque
499 3307 547 3359 est
569 3318 647 3372 eos,
690 3317 776 3370 meo,
788 3294 1039 3381 quiincoelisest.
1051 3293 1102 3358 lb.
1120 3295 1168 3357 18.
1179 3303 1226 3378 ¹9·

112 3376 216 3443 dicens
229 3403 236 3443 :
251 3379 383 3457 Scitote,
396 3384 544 3469 quoniam
556 3406 649 3448 exau·
733 3381 823 3448 'lunc
853 3383 983 3448 accessit
1007 3383 1047 3446 ad
1069 3405 1141 3445 eum
1161 3381 1232 3466 (Je-

115 3463 177 3564 diet
195 3467 349 3533 Dominus
372 3492 484 3557 preces
509 3484 647 3548 vestras,
687 3473 779 3558 sam)
805 3483 907 3536 mater
928 3471 1065 3536 liliorum
1084 3469 1230 3534 Zebedaei

116 3573 140 3614 ιι
165 3568 324 3622 manentes
352 3562 589 3644 permanseritis
615 3562 648 3626 in
689 3559 1230 3643 cumsiliissuis,adoransetpetens

116 3639 236 3725 jejuniis
245 3694 255 3720 ,
265 3658 296 3710 et
308 3647 507 3713 orationibus
518 3650 550 3713 in
559 3672 649 3732 cons·
689 3646 807 3736 aliquid
817 3648 856 3712 ab
870 3671 917 3713 eo.
935 3645 1128 3729 Quidixitei.
1142 3645 1229 3725 Quid

113 3730 346 3815 pectuDomini.
356 3736 486 3801 luditis.
496 3740 526 3815 4.
537 3761 548 3800 ι
560 3761 643 3803 ma.
689 3736 759 3801 visi
775 3735 826 3802 Ait
839 3734 882 3800 illi
897 3761 905 3801 ε
920 3737 995 3811 Dic,
1014 3747 1048 3800 ut
1061 3733 1229 3800 sedeantbi

153 3817 221 3885 Non
227 3821 643 3914 impediarisorarcsemper.
689 3825 752 3889 duo
765 3825 819 3890 filii
832 3827 894 3890 mei
907 3876 915 3900 ,
931 3848 1010 3889 unus
1020 3823 1059 3887 ad
1069 3823 1229 3887 dexteram

111 3905 208 3972 Ereti.
233 3914 282 3975 18.
309 3934 360 3975 sa.
688 3925 797 3990 tuam,
814 3926 846 3979 ot
861 3937 942 3978 unus
955 3913 995 3978 ad
1012 3911 1182 3978 sinistram,
1198 3905 1229 3968 in

149 3995 260 4062 Oratio
275 3998 468 4067 humiliantis
479 4027 530 4079 se,
547 4003 648 4068 nubes
688 4027 785 4090 regno
805 4013 871 4068 tuo.
898 3997 1104 4086 Respondens
1124 4003 1230 4055 autem

111 4087 305 4168 penetrabit,
326 4100 387 4155 otc.
406 4089 494 4157 Ibid.
514 4093 565 4157 55.
592 4115 643 4157 ιι.
689 4090 810 4164 lesus,
836 4089 914 4152 dixit
935 4111 942 4150 :
971 4082 1130 4153 Nescitis,
1154 4078 1232 4165 quid
