2967 4675
352 348 430 415 Pac
923 340 1002 405 PBG
1184 342 1246 409 aab
1282 376 1286 382 ’

159 460 577 547 lnvmitlesusintempto
589 458 658 524 tan-
700 449 814 515 nmnca
839 448 1084 526 detractiones,
1116 464 1179 519 etc.
1215 478 1242 517 r.

113 551 252 635 guidem
275 550 395 625 illum,
416 570 659 635 quemsanave·
700 540 788 605 Per.
807 561 837 604 n.
854 562 880 603 t.
920 579 924 585 ·
1243 595 1247 609 .

114 654 167 702 ret
182 639 384 725 adparatus
400 636 583 703 Probatieoe
595 637 660 724 pie-
746 628 810 707 Qut
821 650 931 716 passus
942 642 992 695 est
1005 629 1039 693 iu
1050 652 1169 707 carne,
1186 630 1245 696 de·

117 727 217 803 cinae,
233 739 265 793 et
281 726 359 792 dixit
375 726 419 791 illi
436 750 443 791 :
465 728 549 791 Ecce
565 748 658 790 senus
701 717 753 781 sill
767 724 785 781 ὲ
800 719 960 805 peccatis,
979 730 1015 783 ut
1025 718 1092 806 jbm
1108 742 1174 789 non
1191 719 1245 785 de·

117 815 217 879 fectus
232 840 283 881 es:
299 816 364 903 jbm
380 814 444 881 noli
458 836 658 903 peccare,ne
701 804 824 871 sideriis
839 806 1006 873 lwmlssum
1022 858 1031 883 2
1057 807 1114 873 8θᾶ
1130 808 1244 875 volun·

117 901 253 970 deterius
267 906 324 970 tibi
342 903 461 992 aliquid
479 903 654 991 contingat.
700 894 758 959 mi
776 893 852 970 Dei,
867 896 955 984 quod
972 893 1131 985 reliquum
1147 900 1244 965 estin

115 990 212 1058 1044,
231 996 261 1059 5,
286 996 335 1073 ,4,
700 985 1242 1074 eumevimttemperis‚etc.lbid.

156 1081 659 1171 Dixitquequelerusudadul·
699 1076 731 1152 l·
757 1097 783 1168 ¹?
806 1096 835 1139 2·

115 1186 238 1236 mam:
257 1171 366 1249 Vade,
383 1184 415 1235 et
436 1172 501 1259 jem
521 1170 658 1260 amplius
840 1210 972 1275 pmii
984 1211 1099 1277 demto

115 1258 178 1323 noli
194 1282 339 1347 peecare.
354 1259 444 1326 leid.
461 1262 492 1326 8.
516 1284 565 1325 tt.
1099 1258 1108 1277 ⁰

160 1349 199 1412 Ut
213 1349 375 1437 quomodo
392 1348 536 1414 Christus
548 1370 655 1413 surre-
745 1345 902 1409 Laboravi
918 1346 951 1410 in
963 1347 1084 1433 gemitu
1096 1372 1170 1413 meo
1179 1400 1187 1425 ,
1196 1350 1244 1415 la-

114 1436 191 1501 xitb
214 1439 350 1503 mortuis
373 1476 416 1485 -
435 1438 478 1501 in
499 1448 531 1500 et
547 1458 604 1501 nos
625 1438 659 1501 in
701 1433 1246 1521 vabepersingulasnocteslectum

113 1528 253 1593 novitate
262 1528 332 1593 vitae
340 1523 552 1591 ambulemus.
563 1524 655 1589 llum.
702 1544 812 1590 meum
830 1544 839 1585 τ
856 1520 1009 1609 lacrymis
1018 1524 1098 1588 meis
1112 1537 1248 1595 stratum

115 1614 145 1678 6.
157 1618 188 1695 4.
208 1615 279 1682 Non
287 1620 364 1703 ergo
372 1624 659 1716 regoetpeccatum
703 1634 812 1675 meum
829 1610 949 1697 rigabo.
965 1612 1053 1677 Prot.
1072 1613 1104 1677 6.
1125 1638 1157 1701 7.

112 1701 144 1766 in
166 1717 276 1769 vestro
293 1700 421 1767 mortali
442 1724 598 1789 corpore,
626 1713 661 1767 ut
748 1697 907 1766 Delictum
923 1723 1031 1765 meum
1049 1700 1245 1793 (Domine)

113 1791 275 1857 obediatis
289 1790 557 1878 concupiscentiis
572 1789 659 1876 ejus,
703 1788 869 1875 cognitum
886 1788 943 1854 tibi
962 1788 1024 1855 leci
1045 1814 1053 1855 :
1074 1804 1107 1857 et
1119 1793 1246 1881 injusti-

109 1891 175 1945 etc.
195 1904 230 1944 e.
254 1902 302 1943 ra.
321 1894 351 1945 ct
364 1892 545 1965 sequentes,
563 1886 661 1965 mque·
703 1878 781 1941 tiam
790 1878 1138 1947 meamnonabseondi.
1155 1884 1243 1950 Dixi:

110 1967 162 2031 au
170 1966 293 2121 poem
703 1964 890 2031 Confitebor
905 1966 1074 2035 adversum
1089 1994 1143 2036 me
1155 1973 1242 2063 inju-

200 2055 379 2123 enovamini
410 2068 515 2123 autem
547 2056 658 2145 spiritu
701 2055 819 2119 stitiam
834 2078 939 2121 meam
948 2057 1096 2133 Domin03
1107 2073 1140 2124 et
1150 2074 1184 2127 tu
1194 2089 1241 2129 re-

109 2143 232 2209 mentis
250 2157 382 2223 restrae,
405 2158 437 2211 et
461 2144 582 2211 induite
598 2168 658 2211 no·
701 2144 811 2209 misisti
822 2144 1017 2232 impietatem
1030 2151 1153 2236 peccati
1165 2153 1240 2219 mei.

112 2254 188 2297 vum
205 2232 369 2299 bominem
384 2284 393 2310 ,
410 2234 465 2321 qui
480 2234 657 2301 secundum
700 2232 1244 2308 Prohdcorubitndtcomnisaane-

112 2322 217 2388 Deum
229 2336 356 2390 creatus
371 2326 459 2392 estin
470 2323 589 2411 justitie
603 2375 611 2400 ‚
625 2337 657 2389 et
700 2322 1140 2415 tusintemporeopportuno.
1150 2330 1240 2397 Pael.

114 2413 657 2502 sanctitateveritatis.Propterquod
700 2413 753 2477 δι.
770 2415 800 2478 5.
816 2414 847 2478 6.

114 2499 311 2588 deponentes
323 2501 527 2568 mendacium
537 2552 547 2578 ,
558 2501 657 2590 loqui·
746 2501 853 2580 Qunrb
863 2501 1018 2578 tristinen,
1035 2505 1241 2584 animamea,

113 2589 190 2654 mini
206 2590 373 2656 veritatem
389 2610 433 2640 ·-‘-
456 2592 631 2658 lraseimiui
647 2641 656 2667 ,
699 2601 732 2654 et
747 2596 847 2678 quare
862 2591 1036 2656 conturbas
1051 2593 1125 2656 mel
1144 2593 1244 2681 Spera

115 2677 657 2768 etnelitepeecare-Nolitelooum
700 2679 733 2743 in
753 2680 847 2753 Dee,
872 2677 1023 2764 quoniam
1038 2679 1146 2744 adbuc
1163 2705 1243 2748 oon-

116 2765 192 2832 dare
209 2767 339 2834 diabolo
361 2793 369 2834 :
394 2769 449 2856 qui
465 2768 656 2844 furabatur,
700 2767 816 2832 fitebor
824 2766 870 2831 illi
884 2765 1041 2831 :salutare
1049 2765 1243 2849 vultitsmei,

115 2855 179 2941 jam
197 2879 262 2923 non
282 2857 425 2933 seretur,
448 2870 509 2923 eto.
534 2857 654 2944 Eplm.
700 2869 733 2922 et
746 2856 945 2922 Deusmeus.
962 2855 1048 2921 Prot.
1064 2858 1118 2934 41.
1147 2881 1196 2924 in.

115 2950 144 3025 4.
168 2947 221 3011 ab.
241 2963 349 3034 etseq.
377 2945 463 3014 Vide
487 2963 518 3012 et
539 2969 571 3012 e.
601 2969 654 3012 ee.
746 2943 1157 3036 SacrificiumDeespiritus
1168 2972 1245 3018 con-

163 3033 259 3102 Nunc
268 3048 374 3101 autem
386 3035 537 3122 deponite
554 3047 586 3100 et
602 3059 658 3102 ves
702 3032 901 3099 tribulatus:
931 3056 989 3100 cor
1010 3037 1182 3105 contritum
1211 3055 1244 3108 et

116 3125 243 3190 omnia:
258 3125 339 3190 iram
355 3175 364 3200 ,
383 3125 656 3213 indignationem,
683 3169 684 3172 κ
701 3119 925 3197 humiliatum,
945 3122 1031 3190 Deus
1043 3177 1051 3203 ,
1065 3149 1130 3194 non
1142 3129 1245 3219 despi-

118 3211 269 3279 mulitiam
290 3261 299 3287 ,
319 3211 571 3302 blasphemiam,
593 3227 659 3280 tur·
700 3213 776 3279 cies.
794 3213 882 3280 Psat
903 3214 945 3277 50
969 3237 1017 3301 ¹9·

118 3323 189 3388 pem
205 3323 385 3368 sermonem
401 3341 444 3354 -
463 3299 658 3391 expoliantes
698 3341 701 3348 ·
746 3300 879 3386 confige
908 3301 1022 3367 timore
1049 3317 1105 3370 tuo
1131 3328 1243 3373 carnes

119 3413 171 3454 ros
182 3403 323 3458 veterem
335 3391 500 3458 hominem
516 3414 591 3458 cum
604 3415 660 3458 ac·
699 3396 826 3457 moesta
841 3389 1240 3473 judiciiaenimtuistinmix

122 3477 202 3542 tibus
209 3481 272 3546 suis
283 3531 292 3557 ,
305 3480 637 3549 etinduentesnorum
649 3526 657 3556 ,
701 3479 789 3544 mat.
805 3481 877 3546 118.
896 3502 968 3544 rao.

123 3577 152 3628 et
168 3566 283 3634 Celere.
303 3571 335 3635 5.
350 3572 382 3636 8.
401 3594 433 3657 9.
701 3577 702 3580 ’
748 3567 812 3647 Qui
834 3567 1001 3638 abscondit
1023 3569 1142 3638 seelera
1163 3595 1242 3651 sua,

162 3654 363 3743 Deponentes
394 3679 490 3724 omne
513 3656 658 3745 pondus,
702 3656 930 3746 nandirigotur
947 3681 955 3722 :
973 3659 1028 3748 qui
1045 3671 1152 3728 autem
1164 3686 1245 3730 con-

123 3755 150 3807 et
165 3745 374 3814 circumstans
390 3771 448 3813 nos
464 3759 658 3835 peccatum,
700 3745 1246 3835 sessusluerit,etreliqueritea,mi·

123 3844 178 3900 etc.
198 3834 300 3901 Hebe.
316 3859 366 3902 re.
388 3859 413 3900 ι.
701 3835 907 3904 sericordiam
929 3850 1155 3935 consequetur.
1182 3841 1241 3904 Pr.

169 3923 373 4012 Deponentes
403 3925 499 4014 igitur
530 3949 659 3992 omnem
704 3927 756 3992 28.
779 3927 829 3990 15.

123 4011 287 4089 malitiam,
304 4026 336 4078 et
348 4037 476 4080 omnem
486 4011 594 4082 dolum
606 4067 615 4093 ,
627 4027 660 4082 et
746 4013 858 4078 Timor
873 4011 1003 4080 Domini
1019 4011 1149 4114 expellit
1166 4033 1246 4098 pec·

122 4097 358 4178 simulationes,
379 4115 412 4168 et
435 4103 596 4184 insidias,
628 4116 661 4170 et
703 4114 812 4166 catum
835 4122 843 4162 ε
871 4099 1017 4183 namqui
1039 4121 1108 4164 unc
1130 4098 1245 4169 timore
