2967 4675
229 480 290 556 m,
437 473 440 478 ’
485 465 562 534 ms
1047 458 1125 526 ms
1226 493 1232 505 -

225 582 469 674 emngeiizoutis
491 592 524 645 et
553 579 770 643 aununtiantis
813 588 977 650 strorum,
993 574 1046 662 qui
1059 574 1148 639 vobis
1166 571 1266 637 locuti
1282 580 1359 663 suut
1451 652 1452 661 γ

249 696 349 741 ecem.
365 670 500 737 Nudum
524 692 550 734 ι.
572 670 620 732 ι5.
643 668 676 730 V
677 668 771 733 ἐάσοι
812 665 947 730 verbum
959 664 1186 749 Deirquorum
1198 662 1359 725 intuentes

224 703 291 829 ira.
312 765 366 836 52,
382 784 412 845 7.
432 758 525 822 Rom.
550 780 599 821 ιο.
619 756 669 820 ι5.
812 754 930 818 exitum
958 752 1225 825 conversationis,
1250 748 1359 813 imita-

227 884 231 890 ·
271 852 428 915 letrantes
444 845 597 911 eutemin
616 844 768 909 domum:
813 843 890 907 mini
908 838 1013 907 fidem.
1033 840 1136 907 Hebr.
1157 840 1205 903 rt.
1224 863 1253 924 γ.
1273 836 1360 902 Obe-
1451 856 1452 901 ζ

226 937 361 1006 salutate
384 960 477 1013 eam,
502 935 643 999 diceutes
668 958 677 998 ι
707 932 772 997 Pax
814 931 878 996 dite
893 930 1067 1018 prepositis
1085 929 1217 1003 vestris,
1238 938 1270 990 et
1285 924 1361 989 sub·
1451 926 1452 973 ἶ

225 1029 301 1094 huic
331 1024 451 1092 domui.
477 1020 596 1094 Macte,
630 1045 678 1087 ιο.
717 1044 767 1085 ιο.
815 1012 918 1105 ioc'ete
941 1020 997 1085 eis.
1031 1017 1095 1107 ipsi
1118 1017 1202 1081 euim
1226 1012 1362 1103 pervigi,
1451 1020 1452 1059 ἓ

228 1119 261 1181 V
262 1116 315 1181 ide
330 1116 407 1195 Luc,
428 1137 475 1178 ιο.
493 1112 523 1175 5.
813 1108 903 1183 lent,
927 1107 1016 1195 quasi
1039 1108 1195 1171 rationem
1215 1127 1273 1193 pro
1289 1102 1363 1166 eui·
1451 1110 1452 1185 ξ

260 1196 572 1292 thuicuuqueuou
593 1198 772 1286 receperint
815 1198 928 1262 mebus
965 1196 1076 1260 vestris
1108 1193 1288 1267 reddituri,
1322 1202 1363 1255 ut

227 1316 296 1369 vos,
306 1290 771 1363 neoeudierintvos,exeuutcs
815 1309 887 1353 cum
897 1284 1013 1373 gaudio
1024 1284 1086 1359 hoc
1100 1284 1236 1357 faciem,
1249 1293 1281 1346 et
1293 1302 1362 1343 non

224 1384 304 1449 indo
315 1378 480 1462 „excutite
494 1376 658 1467 pulverem
671 1376 774 1464 depe·
815 1386 977 1464 gementes
995 1397 1003 1437 :
1029 1373 1099 1438 hoc'
1112 1372 1198 1437 enim
1216 1394 1281 1435 non
1301 1392 1363 1433 exe

229 1472 324 1537 dibus
350 1469 461 1534 vestris
487 1467 520 1532 iu
553 1465 785 1531 testimonium
815 1462 904 1553 pedit
916 1462 1016 1529 vobis.
1032 1486 1064 1525 ο.
1087 1486 1135 1547 ιγ.
1283 1458 1290 1541 ’γ

226 1561 298 1627 illis.
313 1560 421 1628 Marc.
434 1558 465 1621 6.
486 1580 534 1620 ιι.
553 1554 640 1619 Vide
649 1553 769 1622 Marte.
862 1552 925 1618 Noe
937 1575 976 1616 ex
988 1550 1055 1615 Deo
1063 1573 1183 1614 sumus.
1195 1547 1261 1629 Qui
1273 1547 1363 1611 norit

200 1637 204 1642 ⁴
230 1674 281 1716 ιο.
311 1633 359 1727 id.
379 1647 456 1713 tue.
479 1670 510 1732 9.
531 1646 561 1712 5.
580 1645 694 1723 Actor.
720 1643 770 1707 ιδ.
815 1638 1141 1715 Deuiu,uuditnoe:
1160 1638 1297 1726 quinon
1312 1646 1364 1699 est

230 1741 368 1805 fimeto.
389 1738 438 1799 18.
457 1734 489 1797 6.
752 1762 754 1766 ·
816 1730 943 1805 exDeo,
957 1751 1022 1793 uon
1034 1725 1362 1801 auditricem-loen.

274 1823 498 1889 Communicct
519 1822 694 1896 artemis,
719 1820 774 1907 qui
816 1822 848 1898 4.
875 1820 906 1883 6.
1023 1830 1024 1834 ’

229 1909 775 1996 catechizaturverbo,eiquiseca·

228 2002 386 2074 techizet,
422 2000 454 2063 iu
487 1996 636 2061 omuibus
665 1997 771 2061 honis.

231 2090 337 2156 Galat.
357 2088 388 2152 6.
409 2088 440 2153 6.
863 2084 927 2166 Qui
937 2099 1043 2151 eutem
1057 2086 1153 2151 iutrot
1164 2086 1362 2171 perostium,

274 2177 419 2263 Excipite
434 2176 541 2261 itaque
555 2172 646 2237 illum
662 2174 775 2260 (Epa,-
817 2188 925 2264 postor
937 2188 984 2240 est
996 2175 1190 2240 ovium—Et
1202 2179 1278 2239 cirm
1287 2198 1363 2263 pro--
1451 2180 1452 2189 ’

227 2266 421 2356 γιΙινοοὶιιιιιι
436 2266 575 2352 fratrem
586 2277 616 2326 et
626 2286 776 2350 coopera—
816 2264 902 2353 prius
924 2287 998 2329 oves
1020 2264 1182 2340 emiserit,
1210 2268 1285 2327 ante
1310 2286 1363 2328 eos

230 2357 352 2442 torem)
368 2377 442 2419 cum
454 2344 777 2439 omuigaudioinDo-
817 2353 903 2420 rodit
918 2377 926 2418 τ
941 2365 973 2418 et
984 2377 1058 2419 oves
1071 2353 1161 2418 illum
1173 2366 1364 2440 sequuntur,

230 2444 338 2518 mino,
354 2455 387 2508 ct
398 2439 555 2529 ejusmodi
567 2463 642 2506 cum
654 2441 776 2506 honore
818 2443 892 2532 quie
913 2443 1018 2509 sciunt
1034 2465 1146 2510 rocem
1162 2443 1244 2530 ejus.
1262 2443 1362 2507 dean.

231 2533 393 2598 habetote.
441 2530 602 2610 Quonitm
646 2541 777 2618 propter
823 2556 872 2598 ιο.
902 2532 937 2596 2.
955 2535 986 2612 d.
1319 2546 1323 2554 ’
1451 2599 1452 2606 γ

232 2646 313 2711 opus
329 2620 448 2686 Christi
463 2617 618 2707 usquead
639 2632 776 2684 mortem
862 2620 947 2687 Dicit
974 2620 1097 2686 Simoni
1124 2619 1219 2685 Petro
1243 2619 1363 2686 Jesusz
1451 2667 1452 2672 1

232 2709 660 2788 uecessit,trodeusanimem
672 2732 775 2784 suam,
803 2709 931 2794 ,Simon
947 2709 1098 2785 doannis,
1115 2709 1219 2798 diligis
1227 2733 1281 2774 mo
1292 2709 1364 2799 plus

232 2814 268 2866 ut
283 2800 432 2890 impleret
454 2799 508 2874 id,
533 2797 619 2886 quod
632 2821 672 2862 ex
686 2797 777 2863 vohis
820 2798 891 2864 hisi
903 2799 989 2865 Dicit
1003 2799 1052 2864 ei:
1071 2799 1174 2864 Etiam
1189 2849 1197 2874 ,
1214 2798 1364 2872 Domine,
1451 2875 1452 2882 γ

233 2889 343 2955 decret
354 2912 429 2976 erga
447 2911 555 2953 meum
574 2887 773 2974 obsequium.
819 2899 854 2951 tu
871 2888 949 2964 scis,
966 2887 1040 2975 quio
1059 2910 1132 2952 amo
1148 2899 1189 2952 te.
1208 2887 1295 2953 Dicit
1312 2889 1364 2952 ei:
1451 2901 1452 2908 ’

230 2977 381 3064 Pttttpp.
407 2991 451 3040 m·
470 2999 521 3062 29.
557 2975 610 3040 50.
638 2976 725 3040 Vide
747 2999 773 3040 ι.
820 2975 917 3042 Pasce
936 2999 1034 3064 agnos
1056 2999 1164 3051 meos,
1185 2989 1247 3042 etc.
1272 2975 1361 3042 ibid.
1451 2999 1452 3004 ¹

233 3067 309 3130 Cor.
326 3089 352 3128 e.
368 3090 400 3150 9.
421 3078 593 3151 pertotum
610 3063 729 3151 Caput.
822 3065 1089 3130 21.15.Vtct0v.
1114 3066 1162 3129 ι6.
1178 3081 1209 3130 ot
1225 3089 1274 3150 ιγ.
1320 3067 1322 3070 ’

276 3151 636 3240 Rogernusautemvos,
649 3152 777 3226 fratres,
859 3153 924 3219 ttto
949 3154 1015 3241 jtm
1033 3154 1185 3240 quaeritur
1207 3155 1292 3219 inter
1313 3153 1364 3216 di-

232 3253 268 3308 ut
284 3240 434 3306 noveritis
457 3264 531 3315 eos,
552 3241 607 3326 qui
630 3239 778 3305 laborant
820 3253 1039 3329 spectatores,
1063 3254 1097 3306 ut
1113 3241 1216 3308 tidelis
1233 3243 1299 3330 quis
1312 3242 1363 3304 iu-

232 3333 316 3396 iuter
335 3353 408 3413 ros,
431 3340 464 3395 ct
478 3342 619 3416 prmsuut
633 3329 724 3394 robis
744 3329 777 3393 iu
820 3331 975 3399 venietur.
999 3355 1027 3395 1.
1050 3329 1128 3396 Cor.
1144 3335 1176 3410 4.
1199 3351 1228 3395 2.

232 3419 397 3493 Domino,
422 3429 455 3481 ct
478 3430 612 3482 monent
635 3440 715 3492 vos,
742 3429 778 3480 ut

232 3507 377 3571 habeatis
401 3505 470 3572 ilios
499 3506 711 3571 abuudantius
745 3505 777 3569 in

232 3597 367 3660 caritate
385 3607 516 3683 propter
540 3618 619 3683 opus
634 3592 773 3660 illorum.
864 3598 904 3661 Et
919 3596 1003 3661 debe
1014 3596 1105 3660 vobis
1119 3609 1262 3685 pastores
1279 3598 1366 3685 juxte

234 3684 264 3750 T
263 3683 342 3749 hess.
359 3686 389 3749 5.
412 3706 460 3748 ιο.
481 3685 529 3748 15.
819 3705 1010 3760 cormeum,
1023 3688 1366 3774 etpascentvosscieu-

278 3773 343 3853 Qui
372 3774 455 3837 benc
477 3783 617 3857 presunt
643 3770 777 3859 presby·
819 3774 861 3838 tit
881 3785 912 3837 et
925 3773 1080 3838 doctriutt.
1100 3773 1221 3838 leram.
1239 3775 1270 3840 ὅ.
1292 3777 1341 3841 ι5.

231 3863 311 3939 teri,
337 3859 456 3949 dupiici
479 3858 600 3927 honore
616 3858 701 3947 digni
722 3860 777 3924 ho·
864 3860 979 3934 Scitis,
1008 3863 1080 3949 'quia
1108 3863 1269 3951 principes
1293 3887 1364 3952 geu

232 3952 391 4018 beentur:
409 3948 546 4014 maxime
562 3949 616 4034 qui
630 3948 777 4014 laborant
819 3951 901 4014 tium
914 3950 1364 4020 dominentureorum—-Non

232 4041 265 4118 iu
279 4041 378 4106 verbo
400 4050 433 4103 ct
451 4037 606 4102 doctrind.
636 4063 663 4101 ι.
686 4039 772 4104 Tim.
821 4040 861 4102 itt
870 4039 1019 4103 eritinter
1030 4041 1169 4105 voszsed
1180 4041 1363 4130 quicunque

233 4130 262 4199 5.
288 4153 336 4214 ιγ.
357 4185 363 4198 ,
820 4126 955 4191 voluerit
981 4128 1063 4193 inter
1082 4151 1137 4194 vos
1154 4129 1257 4217 major
1275 4131 1361 4202 fieri,

260 4215 452 4302 Mementote
469 4218 711 4304 prautositorum
726 4239 777 4280 ve·
820 4216 861 4282 sit
873 4227 977 4282 vester
989 4218 1142 4284 minister.
1153 4217 1294 4284 *Sicut
1311 4217 1336 4284 F
1338 4218 1364 4280 i-

840 1955 958 2031 Pastor
967 1952 1179 2031 bouasDcam
1187 1952 1341 2031 attendit.
1360 1939 1364 1952 ⁸

943 3465 1070 3542 Ooibus
1087 3466 1241 3544 intendit,
