2967 4675
337 311 414 390 SAN
530 342 539 358 ·
908 314 987 390 ΒΑΝ
1168 330 1226 415 ³7¹

141 433 184 496 Et
206 425 451 520 apprehendens
480 429 642 520 (negot)
689 433 1226 521 rationem‘etgenerationem,etc.

94 520 267 586 dexteram
280 519 352 586 filiae
363 543 445 595 suae,
459 520 574 585 de'xtrae
587 519 646 584 Τοὲ
688 542 720 585 υ.
745 525 794 601 ι4.
812 521 947 587 Henoch
963 522 1082 611 placuit
1097 524 1183 601 Deo,
1197 540 1231 591 et

94 609 155 674 tiae
199 609 354 686 tradidit,
386 608 493 675 dicens
523 632 531 674 ε
561 609 646 673 Deus
690 608 858 674 translatus
873 611 1230 690 estinParadisum‚ut

96 697 290 774 Abraham,
313 711 345 762 et
367 699 453 762 Deus
477 697 584 774 Isaac,v
615 709 649 762 et
690 697 742 762 det
754 699 902 786 gentibus
913 701 1144 786 penitentiam.
1161 703 1229 770 Noa

96 787 185 851 Deus
213 787 317 852 Jacob
342 785 506 852 vobiscum
530 786 588 859 sit,
615 798 648 849 et
689 787 835 852 intentus
850 801 898 852 est
913 789 1090 876 perfectus,
1107 790 1228 877 justus,

94 877 163 962 ipse
174 876 356 964 conjungat
367 897 440 950 ros;
454 875 647 964 impleatque
692 887 722 939 et
738 877 771 940 in
787 887 929 964 tempore
945 877 1116 944 iracundiae
1127 880 1234 946 sactus

94 964 362 1030 benedictionem
377 987 467 1030 suam
489 966 520 1029 in
541 965 643 1030 tobis.
690 977 736 1030 est
759 963 997 1042 reconciliatio,
1021 977 1082 1032 etc.
1108 991 1141 1032 o.
1177 971 1226 1034 16.

97 1053 178 1118 Tot.
209 1077 242 1139 7.
271 1053 319 1118 15.
346 1053 431 1118 Vide
449 1051 567 1118 Esther
593 1053 643 1118 15.·
690 1051 852 1118 Abrabam
868 1076 1002 1142 magnus
1017 1067 1109 1141 pater
1126 1057 1231 1123 mutti-

99 1144 147 1208 15.
165 1158 198 1206 et
215 1165 245 1206 c.
265 1145 313 1221 td.
337 1143 385 1205 18.
691 1141 809 1206 tudinis
823 1142 985 1230 gentium,
1003 1153 1035 1206 et
1050 1166 1115 1208 non
1127 1156 1175 1210 est
1187 1148 1232 1212 in-

141 1230 261 1309 Quare
271 1227 552 1296 errarenos'iecisti
563 1279 572 1305 ,
584 1230 647 1295 Doss
690 1242 804 1294 ventus
819 1229 929 1294 similis
945 1229 990 1296 ‘dli
1001 1230 1033 1294 in
1045 1230 1161 1319 gloria,
1178 1237 1233 1323 qui

96 1319 209 1394 mine;
236 1319 277 1384 de
300 1318 357 1384 riis
381 1319 472 1382 tuis:
494 1317 647 1382 indurasti
691 1315 1003 1405 conservavitiegem
1012 1317 1154 1397 Bacchi,
1168 1334 1230 1388 etc.

97 1427 153 1471 cor
170 1419 323 1472 nostrum
339 1429 380 1471 ne
396 1408 580 1471 timeremus
594 1405 648 1470 tei
692 1429 725 1470 vt
748 1428 799 1470 ao.
815 1408 855 1471 Et
867 1406 900 1470 in
914 1406 1001 1472 lsaac
1012 1407 1127 1473 eodem
1139 1410 1236 1474 modo

98 1495 304 1562 Convertere
332 1497 648 1582 reptersersostuos,
692 1493 769 1559 iecit
783 1506 914 1582 propter
930 1493 1091 1560 Abraham
1112 1509 1235 1583 patrem

97 1585 207 1650 tribus
219 1519 498 1650 hereditatistuaes
514 1579 580 1647 Iso.
593 1581 645 1646 65.
693 1582 774 1668 ejus·
805 1581 1067 1649 Benedictionem
1090 1585 1234 1652 omnium

101 1696 151 1759 ¹7·
693 1672 840 1758 gentium
855 1671 944 1736 dedit
959 1670 1002 1736 ilii
1015 1672 1189 1751 Dominus,
1202 1685 1236 1740 et

144 1763 198 1827 Ne
231 1760 431 1849 quaesumus,
460 1757 566 1823 tradas
593 1759 650 1822 nos
694 1770 919 1824 testamentum
931 1759 1131 1828 confirmavit
1139 1787 1234 1857 super

98 1850 131 1914 in
158 1863 357 1938 perpetuum
381 1847 512 1935 propter
533 1869 650 1911 nomen
693 1860 791 1952 caput
812 1848 934 1925 Jacob,
955 1861 1016 1916 etc.
1042 1875 1076 1916 v.
1104 1855 1156 1931 adt
1178 1855 1228 1918 ab.

96 1950 221 2012 tuum,
238 1949 270 2002 et
286 1959 326 2001 ne
341 1936 471 2024 dissipes
483 1946 661 2010 testamen,
694 1935 781 2000 Vuis
795 1953 898 2002 totum
913 1954 1021 2025 “coprus

98 2039 174 2089 tum
195 2036 287 2090 tuum
306 2049 314 2090 ε
331 2047 433 2112 neque
451 2023 572 2088 auferas
588 2024 649 2088 mi·
737 2022 771 2088 Si
798 2027 866 2112 quis
892 2026 969 2092 mibi
985 2029 1163 2107 ministret,
1180 2053 1232 2096 me

97 2113 650 2203 sericordiamtuamanobisprop-
692 2127 842 2199 sequntur
868 2138 877 2179 ε
905 2117 937 2180 e't
966 2115 1023 2182 ubi
1053 2141 1124 2183 sum
1151 2142 1231 2207 ego,

100 2215 150 2267 ter
176 2202 343 2268 Abrabam
366 2201 516 2268 dilectum
537 2214 647 2276 tuum,
691 2199 757 2267 illic
777 2216 809 2268 et
829 2205 974 2270 minister
993 2229 1083 2270 meus
1107 2207 1178 2271 erit.
1198 2207 1232 2272 si

102 2303 133 2355 et
158 2291 253 2359 isaac
275 2295 401 2357 servum
424 2295 536 2367 tuum,
552 2301 585 2356 et
602 2290 648 2356 ls-
692 2291 762 2378 quis
777 2292 855 2359 miln'
870 2293 1118 2369 ministraverit,
1132 2293 1233 2361 bono-

49 2382 50 2449 i
105 2380 169 2445 radi
186 2394 336 2447 sanctum
349 2394 438 2445 tuum
454 2380 592 2469 :quib'us
604 2378 648 2444 lo·
692 2376 828 2448 rificabit
835 2406 909 2447 eum
919 2383 1118 2450 Patermeus.
1130 2383 1156 2445 J
1155 2407 1229 2469 oon.

49 2458 51 2551 4
105 2480 199 2535 cutus
215 2468 268 2545 es,
286 2468 457 2558 pollicens,
470 2469 559 2557 quod
568 2466 649 2533 mul·
697 2490 748 2533 η.
761 2472 812 2538 26.

106 2556 266 2645 tiplicares
293 2582 401 2624 semen
429 2580 540 2623 eorum
567 2558 650 2622 sicut

107 2646 211 2713 stellas
239 2646 330 2724 coelt,
355 2659 386 2711 et
414 2646 494 2713 sicut
520 2648 649 2711 arebam

107 2756 173 2821 quae
189 2749 241 2801 est
257 2737 289 2801 in
304 2734 411 2801 littore
426 2736 533 2800 maris.
555 2734 645 2797 Dan.
738 2734 880 2801 Laudate
896 2731 1070 2796 Dominum
1085 2731 1117 2797 in
1134 2731 1237 2796 Sanc-

110 2822 136 2887 5.
151 2825 204 2904 54.
694 2829 733 2893 tis
745 2825 816 2911 ejus
830 2847 837 2887 ε
853 2820 980 2885 laudate
994 2841 1068 2883 eum
1083 2818 1115 2885 in
1131 2818 1237 2885 firma·

110 2956 224 3026 Saura
246 2960 319 3023 vim
340 2958 506 3046 desumi,
531 2961 615 3023 m
629 2963 650 3021 ὰ
694 2925 804 2982 mento
815 2910 941 2976 virtutis
956 2908 1036 2995 ejus.
1052 2909 1106 2973 Pa.
1126 2912 1232 2975 aboi.

227 3046 323 3112 “⁰⁶5⁸
339 3022 534 3113 laudamur:
782 3069 900 3137 Sancti
931 3065 1144 3155 judicabunt.

151 3180 334 3247 Laudemus
365 3181 447 3247 viros
477 3178 648 3269 gloriosos,
821 3156 1102 3273 Videlssdt‘sst‘tm·

115 3278 141 3330 tt
162 3283 312 3358 parentes
328 3283 451 3335 nostros
467 3270 499 3333 in
516 3291 651 3355 genera·
738 3307 857 3374 Sanm-

117 3355 191 3425 tione
214 3366 283 3425 sud.
303 3358 435 3423 Multam
477 3355 587 3422 loriam
604 3356 651 3419 se-

118 3443 157 3508 eit
168 3448 325 3513 Dominus
341 3380 576 3535 magnidcentiai
596 3452 650 3509 sud
740 3446 865 3534 Moyses
872 3460 902 3508 ct
912 3441 1082 3509 Aaronad
1094 3441 1239 3509 Pham·

120 3535 278 3610 isiacum,
297 3548 359 3613 etc.
379 3536 483 3601 Eroti.
499 3536 553 3613 44.
574 3556 600 3596 r.
619 3555 647 3597 a.
696 3558 772 3627 nero
796 3535 992 3615 mereamur,
1013 3532 1148 3621 virgam
1168 3556 1238 3598 ow

123 3616 233 3691 Omnes
260 3624 310 3689 isti
337 3626 369 3689 in
395 3621 652 3713 generationibus
697 3638 771 3687 tunt
789 3624 826 3686 in
846 3638 1051 3712 serpentem·
1068 3636 1098 3684 et
1115 3644 1241 3707 aquam

692 2602 736 2669 ln
750 2604 872 2669 sanctis
885 2600 953 2666 suis
968 2598 1056 2663 Deus
1068 2598 1232 2664 laudato.

873 3306 1001 3394 faciunt
1015 3305 1191 3371 miracula.

119 3713 211 3793 gentis
224 3732 288 3779 suae
300 3712 433 3801 gloriam
446 3709 552 3800 adepti
564 3723 650 3788 sunt,
694 3714 795 3804 virga
818 3729 1006 3801 percussam
1036 3709 1072 3770 in
1102 3731 1163 3773 san
1210 3710 1262 3771 ἱ-’·

121 3808 149 3859 tt
169 3802 197 3867 in
222 3802 334 3868 diebus
356 3800 419 3867 auis
441 3800 601 3867 habentur
620 3802 651 3867 in
695 3824 791 3878 nens,
808 3824 881 3886 quoe
893 3802 995 3866 etiam
1005 3732 1240 3886 faciuntdddgt

120 3880 278 3969 lauathus,
302 3904 363 3957 etc.
388 3914 421 3957 v.
450 3916 479 3978 7.
510 3890 652 3981 Corpora
696 3890 765 3956 auis
800 3884 1115 3953 incantationibus:
1138 3902 1240 3983 quarn

123 3971 254 4059 ipsorum
278 3980 310 4045 in
327 4002 405 4069 pane
420 3978 541 4068 sepulta
557 3992 651 4055 sunt,
697 3979 737 4043 ob
779 3999 913 4041 eausam
959 3972 1091 4037 Pitanae
1130 3989 1240 4057 mages

122 4074 150 4125 tt
166 4088 277 4135 nomen
298 4092 409 4133 eorrrrn
423 4068 498 4136 vivit
512 4069 544 4133 in
561 4090 654 4153 gene-
700 4065 891 4131 induratur.
914 4061 1022 4126 Essa
1054 4083 1083 4141 7.
1111 4054 1195 4121 lom
1210 4080 1237 4119 e.
