2967 4675
339 305 418 372 sca
923 302 1003 369 sca
1174 309 1231 395 591

149 414 226 481 lloc
253 427 362 481 autern
397 417 510 481 scitote
540 416 653 500 intelli·
739 419 851 485 Scribe
867 418 922 483 tibi
943 417 1040 483 rerba
1063 417 1150 495 herc,
1168 422 1235 508 qui-

107 502 343 593 gentes,qudd
361 505 464 569 omnis
480 504 653 572 fornicator
694 508 753 573 hus
780 520 813 571 et
839 519 946 573 tecum
973 518 1006 570 et
1033 528 1108 571 cunr
1136 508 1233 574 lsrael

107 632 148 643 -
165 617 235 658 non
257 592 357 659 habet
377 592 595 659 haereditatem
620 596 652 659 in
693 596 800 685 pepigi
815 594 928 661 l'oedus.
947 593 1036 659 leid.
1054 595 1106 673 54.
1124 619 1176 683 a7.

105 680 356 838 {eggroni‘lircristi
367 693 409 835 §t
435 681 505 747 Dei.
531 680 648 771 Epdea.
738 686 778 747 Et
797 681 1038 837 nrtrncalsraitl,
1065 684 1139 751 audi
1155 706 1233 837 prle-

126 817 189 835 ..
246 796 258 832 ι
313 794 397 835 v..
694 786 1234 847 cetaeurcra‚uaeeoo-

147 858 230 925 llaec
247 870 294 923 est
306 858 391 925 enirn
410 856 556 923 voluntas
572 860 649 936 Dei,
694 795 752 928 ced
776 874 830 925 te:
849 794 884 925 rit
907 794 1032 924 lacieni¹
1046 883 1103 935 ea,
1121 794 1229 939 ilvam

105 946 323 1012 sanctificatio
346 959 468 1012 restra:
497 960 533 1013 ut
557 948 652 1013 absti-
693 962 724 1015 et
736 948 916 1038 ingrediens
928 947 1089 1034 possideas
1100 959 1233 1026 terram.

104 1036 210 1101 neatis
230 1058 288 1100 vos
309 1041 327 1099 a
350 1034 590 1102 fornicatione:
614 1048 651 1101 ut
693 1058 789 1126 quarn
816 1036 971 1103 Dominus
998 1036 1083 1100 Deus
1105 1050 1234 1125 patrum

105 1123 185 1189 sciat
207 1124 425 1212 unusquisque
441 1130 579 1189 restrlrm
598 1149 651 1190 ras
692 1139 871 1192 vestrorum
895 1123 1026 1189 daturus
1055 1136 1103 1188 est
1129 1127 1229 1193 vohis.

105 1235 201 1276 suum
225 1212 387 1300 possidere
410 1213 443 1277 in
468 1213 651 1279 sanctifaca-
693 1216 789 1280 Dect.
807 1217 837 1292 4.
860 1237 886 1276 ι.

103 1300 193 1365 tione
217 1300 389 1366 ethonore
411 1324 419 1364 ε
444 1324 507 1365 non
526 1303 558 1365 in
577 1325 652 1388 pns—
738 1300 907 1389 decipiens
942 1302 1039 1387 (rece)
1074 1299 1236 1387 exemplar

104 1389 194 1454 sione
209 1388 464 1465 ‹lesiderii,eicut
477 1401 509 1452 et
518 1388 651 1464 Gentes,
699 1390 799 1477 (legis
822 1390 859 1451 in
879 1388 1065 1474 volamine)
1088 1394 1106 1453 a
1129 1411 1237 1454 sacer-

61 1501 63 1504 ·
104 1500 174 1563 quae
186 1477 336 1566 ignorant
352 1477 465 1542 Deum.
489 1500 516 1541 r.
540 1475 648 1541 Thess.
694 1477 822 1541 dotibus
860 1474 1008 1541 Leviticae
1045 1476 1166 1553 tribus,
1205 1489 1238 1543 et

104 1569 133 1643 4.
155 1568 187 1629 5.
205 1584 236 1632 et
250 1590 314 1650 seq.
694 1565 826 1630 habebit
842 1584 968 1639 aecum,
992 1562 1139 1653 legetque
1157 1562 1237 1631 illud

147 1654 349 1719 Honorabile
387 1653 584 1718 connubium
618 1652 650 1717 in
694 1652 843 1719 omnibus
867 1650 1071 1737 diebusvitae
1098 1676 1180 1729 snae,
1202 1665 1239 1719 ut

103 1744 276 1818 omnihus,
301 1753 333 1807 et
360 1741 470 1806 thorus
493 1742 651 1806 immacu·
693 1741 794 1808 discat
811 1742 923 1807 timere
939 1741 1110 1806 Dominum
1132 1742 1237 1809 Deum

105 1828 202 1895 latus.
236 1830 459 1895 Fornicatores
489 1831 595 1907 enim,
619 1841 651 1895 et
693 1853 808 1905 suum,
836 1841 869 1893 et
895 1829 1056 1895 custodire
1083 1830 1237 1901 verbaet

103 1916 647 2006 adulterosjudicabitlleusdlebr.
693 1918 900 1986 ceremonias
924 1918 1010 2005 ejus,
1032 1941 1101 2005 quae
1116 1918 1150 1983 in
1166 1917 1236 2009 lege

107 2009 161 2072 15.
178 2009 214 2085 4.
691 2018 850 2096 praecepta
868 2016 950 2071 sunt.
975 2005 1065 2071 Idid.
1086 2030 1159 2096 cop.
1183 2031 1230 2093 ¹7·

148 2096 411 2161 Fornicotorum
437 2118 510 2184 pars
529 2135 571 2146 -
590 2096 650 2161 erit
692 2120 725 2162 o.
750 2098 798 2161 18.
823 2119 871 2181 ¹9·

46 2181 47 2216 l
103 2182 137 2249 in
153 2194 272 2276 stagno
287 2182 410 2249 ardenti
426 2185 517 2273 igne,
535 2197 567 2250 et
582 2183 650 2249 sul·
736 2183 870 2271 Scripsit
878 2183 986 2269 itaque
998 2180 1122 2271 Moyses
1131 2181 1234 2270 legem

106 2272 221 2360 phnre.
237 2273 341 2361 Apoc.
363 2295 414 2338 ar.
430 2276 461 2340 8.
692 2272 796 2350 hanc,
813 2282 845 2337 et
860 2270 990 2339 tradidit
1001 2293 1072 2337 eam
1088 2272 1234 2338 sacerdo-

691 2362 778 2427 tibus
789 2360 861 2426 liliis
877 2360 973 2433 Levi,
988 2361 1042 2447 qui
1061 2359 1235 2446 portabant

692 2473 800 2516 arcam
843 2448 970 2514 soederis
1014 2447 1164 2523 Domini,
1203 2460 1235 2514 st

146 2539 348 2612 Sodomitis,
386 2541 465 2605 Gen.
505 2563 553 2626 ¹9·
593 2541 646 2618 ad.
692 2533 1124 2604 cunctissenioribuslsrael.
1140 2532 1230 2598 [tid.

109 2626 311 2704 Siclrimitw,
334 2651 361 2691 c.
385 2627 437 2705 54.
461 2627 512 2692 a5.
530 2643 561 2690 et
583 2649 646 2712 seq.
693 2628 746 2690 dr.
764 2649 795 2714 9.

109 2711 287 2790 leaenae,
305 2715 406 2782 Num.
428 2716 479 2780 25.
504 2739 530 2778 r.
547 2712 652 2780 Israc-
737 2712 808 2778 Non
830 2707 958 2776 recedat
983 2708 1051 2792 (cit
1070 2708 1236 2798 Dominus

113 2802 167 2870 lita
196 2804 357 2892 quidam,
389 2828 421 2892 y.
456 2805 488 2869 6.
521 2818 552 2869 et
583 2826 647 2886 seq.
692 2799 737 2865 ad
752 2800 867 2874 losue'l
886 2795 1034 2861 volumen
1051 2792 1128 2948 'elis
1139 2795 1236 2882 hujus

111 2889 325 2980 ijamitoe‚
359 2892 471 2958 dudio.
509 2915 560 2957 ao.
592 2893 647 2970 46.
693 2889 733 2952 ab
761 2910 817 2952 ore
844 2899 899 2951 tuo
920 2884 1001 2950 :sed
1028 2907 1080 2948 me
1105 2884 1235 2950 itaberis

112 3001 163 3061 pe·
177 2998 285 3047 totum
306 2995 415 3069 caput.
442 2980 530 3046 Filii
551 2980 649 3054 Heli,
693 2978 725 3041 in
749 3001 787 3042 eo
804 2973 916 3040 diebus
940 2973 1170 3050 acnoctibus,
1200 2986 1236 3039 ut

115 3068 220 3154 Opimi
238 3084 271 3134 ct
285 3069 445 3145 Phineos,
473 3092 499 3133 r.
519 3069 597 3158 lieg.
618 3092 648 3134 a.
693 3065 853 3131 custodias
866 3075 897 3128 et
913 3063 1009 3128 iacias
1021 3063 1148 3140 omnia,
1163 3087 1233 3150 quae

116 3176 160 3220 aa.
178 3160 232 3239 54.
255 3173 327 3222 etc.
346 3161 378 3237 4.
406 3182 455 3244 ¹7·
475 3155 562 3223 Vide
575 3158 648 3222 Jer.
694 3154 810 3242 sceipto
832 3164 904 3218 sunt
925 3151 957 3216 in
977 3163 1135 3219 cottunc
1155 3152 1235 3219 diri-

119 3241 144 3307 5.
160 3269 188 3331 7.
203 3265 313 3332 etseq.
694 3266 748 3330 gea
771 3243 853 3306 viem
881 3252 988 3314 tuam,
1016 3250 1049 3304 et
1077 3239 1234 3330 intelliges

694 3354 776 3396 eam.
794 3329 893 3394 Josrte
909 3352 935 3392 r.
952 3331 983 3393 8.

228 3422 403 3470 *mmmm
419 3422 528 3466 mle·
739 3416 854 3483 Attulit
868 3422 944 3505 erglr
957 3415 1071 3480 Esdras
1087 3415 1234 3486 sacerdos

695 3507 798 3596 legem
809 3529 917 3573 coram
934 3502 1138 3572 multitudine
1153 3506 1234 3570 viro

696 3620 768 3661 rum
785 3607 817 3660 et
836 3592 1024 3670 mulierum,
1045 3593 1235 3682 cunctisque

695 3685 749 3774 qui
761 3696 909 3774 poterent
922 3680 1115 3770 intelligere,
1132 3682 1164 3746 in
1182 3683 1234 3748 die

158 3775 239 3845 llixit
275 3789 382 3843 nutem
418 3774 575 3842 Dominus
614 3776 653 3841 ad
682 3775 796 3863 primal
813 3772 930 3840 mensis
947 3771 1083 3858 septimi.
1106 3771 1145 3834 Et
1161 3767 1254 3856 legitv

126 3859 243 3954 lloyaen
259 3892 267 3932 :
286 3865 400 3932 Scribe
414 3863 477 3932 hoc
493 3865 534 3929 ob
547 3865 654 3933 moni·
695 3865 727 3930 in
755 3887 794 3928 eo
821 3867 929 3951 aperte
960 3859 991 3924 in
1018 3857 1140 3948 platee,
1169 3879 1239 3942 quae

123 3968 255 4023 tuentum
271 3955 304 4020 in
320 3953 421 4028 libro,
440 3967 472 4020 et
485 3953 576 4022 trade
595 3977 655 4020 au·
696 3965 764 4018 erat
781 3947 855 4018 ante
869 3961 993 4039 portam
1006 3960 1179 4100 exuerunt..
1197 3942 1239 4007 de

126 4030 203 4117 ribus
218 4047 325 4114 losn'e'.
345 4043 455 4109 Exod.
481 4067 530 4129 ¹7·
551 4045 600 4120 ι4.
698 4063 792 4124 mane
808 4043 907 4124 usquc
923 4034 963 4108 ed
976 4057 1028 4104 me
1053 4035 1116 4100 iarn
1134 4030 1242 4108 diem,

105 2405 322 2472 Scor-unionis
337 2408 465 2496 ponito
484 2410 646 2495 coempta.

122 3551 287 3643 Scriptura
304 3577 400 3621 soora
424 3553 511 3619 unde
533 3551 597 3627 rit,
625 3567 655 3617 et

220 3644 325 3730 ·qot‘.t
339 3646 507 3730 ejusmus.

1425 4187 1438 4242 l
