2967 4675
347 384 433 451 MUL
517 384 522 393 '
908 375 995 447 MUL
1205 376 1244 464 75

115 496 177 562 lieri
200 508 313 585 posset
328 548 345 575 ‚¹
359 498 549 562 venientem.
578 495 655 561 Tot.
700 495 1068 560 sciuitsoluticnemoeni
1089 493 1246 557 neatisui·

116 610 160 650 10.
182 610 212 671 7.
237 585 368 651 Video.
393 610 440 650 11.
460 587 490 651 5.
700 585 733 647 ri
745 584 814 659 sui,
828 518 1247 648 tuttavttototiossuirtn

166 676 198 737 V
198 674 261 739 ida
286 674 571 740 insatiabilitatem
596 674 660 739 Es·
701 671 863 737 domam
872 671 1239 759 mariti-ludietdaff.

112 760 198 837 tlzrr,
215 786 296 849 quie
310 785 377 826 nou
388 778 539 827 contenta
554 761 660 827 cladi·
746 760 832 825 Cium
845 759 982 826 uidisset
999 740 1134 835 hatita,
1156 755 1245 845 qudd

111 850 166 916 las
183 854 222 915 in
234 852 350 917 Susan
361 852 503 939 peractis
514 902 522 927 ,
533 852 660 938 petiitit
701 849 842 915 Samson
853 850 1052 916 conlessusei
1062 860 1163 923 esset,
1176 870 1244 911 cm—

110 962 198 1029 rcge,
223 955 265 1004 ut
283 956 313 1005 et
327 942 472 1026 sequenti
493 939 547 1004 die
561 940 660 1004 cades
701 960 775 1001 nem
804 938 946 1003 animum
968 962 1088 1014 suum,
1112 938 1150 1000 in
1178 958 1244 1021 quo

110 1044 340 1095 renovaretur.
357 1027 475 1094 Esther
487 1053 517 1116 9.
538 1050 585 1092 11.
607 1028 655 1093 15.
700 1028 823 1091 scilicet
833 1026 1242 1115 fortitudosuasitaostet‚

150 1118 188 1184 11
190 1117 660 1183 ulichhananceasanitatem
701 1116 856 1180 inimicos
868 1116 959 1181 illius
973 1116 1123 1189 vocavit,
1137 1130 1167 1179 ct
1176 1128 1246 1178 tta-

108 1204 189 1293 filiat
211 1206 359 1271 obtinuit
379 1208 494 1272 multis
534 1204 661 1271 rcciltus
701 1206 764 1268 tim
783 1206 830 1268 eis
849 1202 1240 1270 rovelavit.Il>.16.18.

108 1296 323 1384 importunis.
341 1294 461 1362 Mattln
489 1231 537 1359 15.
561 1318 611 1360 22.
629 1310 661 1358 ct
746 1292 836 1373 Quia
850 1292 964 1358 Dauid
976 1315 1047 1380 proe
1057 1288 1246 1381 magoaldo·

110 1406 172 1469 seq.
701 1382 834 1446 votione
846 1382 1025 1446 saltaverat
1040 1402 1152 1444 coram
1168 1384 1249 1442 arca

149 1472 189 1537 M
191 1487 267 1536 ater
274 1470 424 1560 (iliorum
434 1469 583 1536 Zebedaei
594 1492 662 1535 non
703 1469 862 1541 Domini,
884 1468 921 1534 M
923 1466 1010 1530 ichol
1026 1467 1121 1530 stulti
1134 1478 1165 1527 et
1181 1464 1250 1527 iro-

108 1563 301 1648 coepeotacit
312 1609 325 1634 ,
339 1576 374 1623 ut
384 1574 611 1623 remuneraret
626 1558 663 1645 fi·
705 1555 895 1619 nicldioeit:
912 1556 1017 1632 Quism
1030 1552 1184 1639 gloriosus
1193 1550 1252 1614 tuit

106 1649 168 1713 lios
198 1648 368 1713 Dominus
393 1643 573 1710 secundnm
596 1668 666 1709 mc-
707 1643 805 1707 hodie
821 1665 876 1706 sex
891 1640 1047 1706 lsraclla.
1063 1642 1139 1705 tuo.
1151 1641 1181 1703 6.
1196 1660 1247 1703 co.

104 1738 204 1809 rita,
234 1734 289 1799 sed
307 1735 403 1821 petiit
422 1740 501 1797 anti
521 1748 665 1819 ternpus,
755 1731 861 1797 Statu
873 1730 977 1796 heuto
987 1694 1162 1794 uenalia
1174 1728 1252 1800 illa,

104 1846 229 1888 unum
245 1822 327 1909 poni
349 1820 393 1885 cd
415 1820 585 1884 doctorum
601 1822 669 1886 Do-
711 1842 785 1903 quw
813 1842 924 1883 coram
944 1818 1118 1884 Salomone
1135 1816 1174 1881 do
1197 1816 1263 1879 in-.

104 1911 211 1976 mini
229 1910 265 1971 in
279 1932 379 1999 regno
393 1932 470 1985 suo,
488 1924 518 1973 ct
528 1910 669 1974 altorum
708 1908 882 1997 fontevivo
889 1909 1071 1972 rixataest:
1083 1907 1148 1971 Nec
1156 1904 1248 1978 mihi,

107 1999 161 2063 ad
180 1998 366 2062 sinistram.
384 1996 406 2063 I
409 1997 475 2061 tid.
498 2020 548 2062 co.
570 2020 619 2062 11.
707 2020 768 2061 ncc
783 1996 839 2060 tibi
854 1996 894 2060 sit
912 1995 1038 2083 (silius)
1057 1994 1113 2061 sed
1128 1993 1247 2059 divida-

155 2086 297 2161 Puella,
316 2088 448 2150 nomine
462 2085 591 2159 Illtode,
610 2088 666 2149 in·
707 2098 769 2149 tur.
790 2086 820 2150 5.
840 2085 916 2174 ch.
936 2084 1047 2150 5116.

108 2175 266 2265 telligons
294 2175 425 2263 pulsare
453 2174 590 2239 Petrum
619 2174 665 2239 ad
748 2171 1246 2262 Stultirespondiluaeorl'olrioe,

105 2268 276 2350 januum,
300 2286 365 2352 prae
387 2262 503 2352 gaudio
523 2264 571 2348 (ct
587 2264 664 2327 uui·
705 2264 850 2327 marito:
874 2260 1038 2327 Manifestc
1063 2285 1142 2327 vona
1164 2261 1248 2326 lacta
1288 2268 1293 2279 '

115 2355 241 2440 ditate)
260 2375 325 2417 non
340 2353 482 2441 aperuit,
498 2353 554 2419 sod
565 2354 664 2419 rolin·
706 2366 753 2418 est
768 2376 839 2441 spes
853 2365 918 2418 tua.
942 2350 1020 2418 Tolt.
1042 2375 1071 2416 a.
1093 2374 1145 2416 ca.

113 2465 214 2527 quens
230 2442 369 2507 Petram
383 2444 489 2530 fords,
503 2443 663 2517 cucurrit,
749 2443 837 2509 Sard
855 2441 932 2529 filio
951 2440 1124 2528 Raguelis,
1144 2440 1252 2501 incre-

116 2531 660 2597 etaliisindontonuntiavit.Act.
703 2527 1254 2618 panuarutttamjurmtorrtmpa-

123 2643 167 2683 12.
193 2620 246 2685 15.
272 2620 320 2698 11.
708 2621 825 2683 tienter
840 2635 871 2683 et
888 2619 1049 2703 injuriosi
1062 2613 1252 2700 rospondit:

708 2706 852 2795 Amplius
873 2730 912 2770 ex
938 2718 971 2768 te
998 2725 1063 2769 non
1089 2701 1252 2765 videamus
1296 2737 1301 2744 ·

706 2795 826 2870 filium,
840 2805 895 2857 cul
907 2791 1007 2857 tiliam
1019 2800 1252 2877 superterram,

170 2895 270 2960 lleva
294 2895 390 2982 prius
416 2895 535 2983 legitur
562 2893 667 2958 locuta
707 2883 905 2949 interfectrix
938 2879 1080 2944 virorum
1110 2890 1248 2941 tucrum.

123 2983 211 3066 [auso
225 2999 467 3070 cumscrpontc,
483 2987 668 3068 quamtum
708 2970 729 3036 1
732 2971 799 3036 bid.
821 2971 850 3034 5.
867 2994 900 3064 9..

125 3069 184 3135 Deo
201 3071 397 3146 adorando,
422 3071 476 3137 vol
496 3092 572 3134 cum
591 3069 668 3133 uiro
752 3060 849 3126 Audi
863 3059 998 3124 stultam
1015 3057 1210 3123 sententiam
1225 3070 1255 3121 et

130 3179 187 3224 tuo.
207 3161 290 3225 Gen.
312 3161 344 3234 5.,
366 3183 394 3226 1.
711 3149 871 3236 loquelam
891 3149 1005 3213 uxoris
1022 3147 1157 3220 Arnon,
1172 3145 1255 3209 'dum

177 3249 281 3314 Statio
306 3249 394 3314 Sara
424 3247 537 3332 ridens
564 3246 669 3312 locuta
708 3234 1256 3324 marituscjusqucrereturdollar-

138 3350 222 3410 uua
235 3339 355 3402 iteriom
366 3337 461 3403 stulti
471 3335 624 3426 negavit,
638 3356 671 3398 se
710 3325 858 3392 docltoem
872 3325 1154 3478 rusonttnntm:
1172 3322 1256 3387 lube

141 3421 349 3492 titisselltid.
373 3429 422 3490 18.
447 3447 495 3490 tc.
514 3439 622 3510 etseq.
709 3415 815 3504 parari
840 3438 917 3480 exce
929 3436 998 3479 sam
1021 3413 1255 3478 trabem—ut
1318 3487 1324 3498 ·

182 3509 311 3580 Cernens
320 3526 427 3580 autem
439 3509 573 3589 Rachel,
583 3507 669 3598 quod
710 3527 726 3567 a
751 3501 909 3591 pendatur
929 3525 1025 3590 super
1039 3525 1110 3567 eam
1126 3499 1254 3566 Mardo-

143 3593 306 3668 inloecunda
329 3614 469 3669 esset-
488 3601 532 3665 ait
555 3599 670 3664 marito
710 3527 828 3660 ciens.
847 3590 965 3658 erato
981 3593 1011 3656 5.
1035 3593 1084 3671 14.

140 3705 214 3752 suo:
231 3687 275 3754 Dc
288 3692 364 3758 mihi
381 3689 513 3764 liberos,
530 3686 670 3775 alioquin
753 3681 891 3747 Sedente
904 3679 968 3744 tot
985 3681 1023 3744 in
1032 3677 1258 3765 sterquilinio-

135 3777 256 3844 moriar.
282 3781 386 3864 Quasi
407 3792 485 3845 esset
506 3777 545 3840 in
568 3776 671 3865 ipsius
710 3785 739 3836 et
750 3769 879 3836 saniom
893 3765 1093 3857 defluentem
1109 3771 1190 3832 testu
1203 3784 1256 3826 ra·

129 3861 228 3932 lacot
237 3884 414 3956 potestate,
426 3867 471 3934 de
488 3865 594 3932 sterili
610 3868 668 3955 ste·
710 3859 824 3934 dente,
853 3858 987 3924 dixit-
1002 3857 1047 3922 illi
1069 3877 1150 3921 uxor
1172 3872 1251 3914 suc:

129 3955 267 4022 tundam
279 3960 395 4046 facere.
405 3956 458 4023 11.
472 3957 524 4022 50.
543 3979 570 4021 1.
584 3955 671 4020 Vide
711 3948 827 4015 Adhuc
844 3961 878 4011 tu
893 3968 1062 4034 permanes
1077 3945 1108 4007 in
1132 3935 1255 4022 simpli-

129 4063 158 4104 c.
176 4067 203 4109 1.
623 4055 626 4062 ·
711 4039 806 4104 citate
833 4035 915 4101 11111
941 4029 1193 4100 beneditcio,
1224 4037 1257 4090 et

171 4131 261 4199 Uxor
282 4134 476 4210 Sunuonis,
498 4134 614 4199 statim
635 4145 672 4196 ut
710 4148 847 4191 morere.
872 4123 939 4188 Sod
961 4122 1015 4187 illi
1035 4115 1100 4182 lolt
1129 4112 1206 4180 leni
1227 4131 1259 4180 et

163 2751 349 2825 Mulierum
363 2757 613 2843 stultiltquium.
