2967 4675
285 355 343 433 ιι.
442 368 447 377 ·
501 349 606 416 em
1095 350 1181 420 om

279 468 423 531 Christus
450 463 562 539 Jesus,
580 464 650 553 .qui
673 480 818 535 mortuus
860 471 927 546 ata,
951 482 1060 535 notum
1083 468 1188 533 lacero
1211 464 1411 552 mysterium

279 567 337 621 est:
345 552 470 637 imbqui
478 564 510 615 et
518 556 699 631 resurrexit,
711 558 764 644 qui
772 570 818 623 est
860 559 1030 648 Evangelii.
1048 556 1164 645 Ephaa.
1182 555 1214 619 6.
1235 555 1283 617 18.
1302 575 1357 638 ι9.

278 643 318 709 ad
330 642 492 705 dexteram
504 641 648 729 Dei,qui
660 644 757 709 etiam
772 647 818 711 in·
904 646 978 714 Scio
1003 646 1113 721 enim,
1136 643 1209 730 quia
1231 642 1294 706 hoc
1320 641 1410 705 mihi

277 726 423 815 terpellat
436 730 604 816 pronubis.
615 732 707 796 Rom.
720 736 750 797 8.
762 736 814 814 54.
861 736 1027 823 proveniet
1041 733 1081 799 ad
1099 732 1254 805 salutem,
1271 752 1329 818 per
1346 754 1410 794 ve—

323 816 452 883 Undeet
462 816 581 885 salvare
590 819 620 883 in
629 835 818 907 perpetuum
861 838 958 891 stram
982 824 1166 889 orationem.
1184 818 1271 883 etit.
1299 841 1326 881 1.
1350 842 1404 904 ι9.

278 918 381 994 potest
405 904 541 992 (lesus)
559 908 747 975 accedentes
762 934 819 999 per
905 912 981 978 ldeb
993 925 1025 977 et
1040 933 1098 976 nos
1113 932 1150 973 ex
1167 912 1229 994 qula
1244 906 1296 969 die
1307 906 1409 970 audi-

279 995 481 1082 semctipsum
493 994 534 1059 ad
553 995 674 1062 Deum:
693 1002 819 1087 semper
861 1001 974 1077 vimus,
991 1024 1056 1065 non
1068 1019 1227 1065 cessamus
1238 1017 1297 1082 pro
1312 995 1410 1059 vobis

280 1084 387 1148 vivens
409 1082 450 1145 ad
471 1083 737 1171 interpellandum
760 1112 819 1177 pro
862 1101 1005 1164 orantes,
1022 1100 1054 1153 et
1065 1083 1276 1174 postulantes,
1293 1095 1330 1146 ut
1348 1084 1407 1147 im-

279 1170 501 1237 nobis..Ichr.
519 1197 548 1258 7·
570 1174 620 1238 25.
861 1177 1009 1266 plcamini
1042 1174 1202 1263 agnitione
1232 1168 1406 1235 voluntatis

861 1266 948 1355 ejus,
971 1266 1003 1331 in
1027 1264 1112 1329 omni
1136 1260 1288 1349 sapientia
1302 1271 1336 1324 et
1355 1260 1405 1323 in-

862 1352 990 1419 tellectu
1012 1348 1161 1442 spiritali:
1184 1362 1218 1414 ut
1234 1346 1406 1413 ambuletis

329 1441 399 1507 Hoc
425 1453 532 1505 autem
556 1465 655 1529 genus
678 1444 821 1529 (doemo-
861 1438 1226 1531 dignb,Deoperomnia
1241 1434 1404 1525 placentes

280 1530 435 1617 uiarum)
454 1552 519 1595 non
533 1531 677 1618 ejicitur,
691 1533 750 1597 nisi
765 1555 822 1620 per
863 1544 923 1598 etc.
944 1530 1062 1596 Colosa.
1082 1551 1109 1592 ι.
1125 1551 1155 1614 9.
1180 1549 1228 1591 ιο.

280 1620 456 1683 orationem
471 1632 504 1684 et
519 1620 687 1708 jejunium.
698 1620 817 1697 Mattb.
908 1618 1051 1685 Orationi
1080 1617 1213 1689 instate,
1240 1611 1402 1701 vigilantes

288 1730 335 1792 ¹7·
357 1730 407 1771 ao.
702 1745 704 1749 ·
864 1708 896 1772 in
919 1712 955 1771 ea
985 1702 1214 1793 in'gratiarum
1244 1702 1399 1767 actione:

326 1794 481 1882 Vigilate,
506 1807 538 1859 et
560 1808 672 1870 orate,
699 1810 735 1861 ut
758 1820 821 1861 non
865 1808 989 1861 orantes
1007 1792 1098 1858 simul
1115 1804 1147 1857 et
1162 1814 1220 1879 pro
1236 1790 1350 1864 nobis,
1370 1800 1402 1851 ut

282 1883 404 1945 intretis
429 1884 462 1945 in
484 1884 703 1948 tentationem.
730 1884 819 1949 Ibid.
865 1885 949 1949 Deus
964 1883 1084 1971 aperiat
1099 1880 1190 1947 nubis
1209 1878 1325 1943 ostium
1344 1901 1402 1941 ser-

284 1970 819 2050 26.41.Vtta.t1ar0.1l,.58.1.a0.
865 1974 988 2045 monis,
1015 1969 1057 2033 ad
1075 1967 1269 2056 loquendum
1285 1990 1315 2030 m
1341 1978 1400 2030 ste-

285 2078 335 2121 aa.
355 2059 408 2136 46.
866 2062 947 2125 rium
965 2060 1090 2124 Christi.
1113 2058 1164 2122 lb.
1176 2060 1215 2135 l.
1237 2080 1266 2119 a.
1283 1990 1401 2119 Salutat

865 2172 919 2214 vos
933 2147 1107 2235 Epaphras,
1123 2145 1176 2232 qui
1194 2168 1233 2209 ex
1243 2143 1331 2209 vobis
1343 2154 1400 2215 est,

865 2252 972 2301 servus
1002 2235 1117 2299 Christi
1146 2234 1248 2307 lesu,
1278 2254 1400 2317 sempor

328 2320 367 2384 Et
383 2319 493 2386 invoca
509 2345 561 2386 me
578 2322 610 2387 in
626 2322 677 2387 die
693 2320 824 2386 tribula·
866 2318 1401 2412 sollicitusprovobisinoratioui·
1451 2339 1452 2388 3

283 2409 400 2473 tionis:
423 2433 531 2474 eruam
549 2422 599 2487 tc,
622 2424 654 2475 et
669 2409 825 2475 honorili-
866 2415 941 2490 bus,
960 2425 995 2478 ut
1007 2414 1093 2478 stetis
1109 2410 1261 2499 perlecti,
1276 2422 1307 2473 et
1319 2407 1398 2497 pleni

283 2498 517 2564 cahisneio.
537 2502 590 2586 49.
615 2501 664 2564 15.
683 2501 716 2566 V
716 2499 770 2564 ida
782 2515 825 2564 to
867 2505 898 2569 in
919 2502 1007 2567 omni
1023 2500 1185 2566 voluntate
1204 2499 1272 2564 Dei.
1296 2521 1327 2562 a.
1353 2517 1396 2559 rs.

284 2603 354 2650 tum
369 2588 422 2653 Pa.
442 2611 494 2675 9ο.
911 2593 947 2656 ln
961 2614 1026 2678 quo
1037 2591 1131 2668 etiam
1144 2611 1271 2653 oramus
1282 2607 1398 2671 semper

866 2704 924 2768 pro
940 2680 1027 2744 vobis
1043 2703 1050 2742 :
1070 2691 1105 2741 ut
1120 2677 1265 2764 dignetur
1280 2699 1333 2738 vos
1349 2696 1398 2738 vo-

868 2769 990 2835 catione
1010 2771 1064 2830 sual
1087 2767 1171 2831 Deus
1193 2776 1318 2838 noster,
1341 2773 1395 2825 etc.
1450 2778 1451 2800 t

215 2882 219 2888 ’
330 2855 410 2929 Fili,
434 2857 467 2920 in
495 2862 548 2920 tusi
575 2856 757 2922 infirmitate
785 2880 825 2921 ne
870 2880 898 2921 a.
921 2856 1026 2921 Thess.
1051 2879 1077 2918 ι.
1101 2878 1150 2917 ιι.

287 2945 441 3031 despicias
470 2957 502 3008 te
531 2947 654 3032 ipsum;
684 2944 740 3010 sed
770 2968 825 3009 ora
911 2945 957 3009 De
970 2963 1097 3017 caetero,
1111 2943 1237 3016 fratres,
1250 2950 1337 3004 erate
1349 2958 1398 3024 pro

286 3033 480 3106 Dominum,
497 3045 529 3096 ct
552 3033 617 3118 ipse
640 3035 764 3099 curabit
779 3047 822 3098 te.
867 3035 974 3108 nobis,
987 3044 1022 3095 ut
1039 3053 1141 3096 sermo
1158 3030 1216 3093 Dei
1233 3038 1357 3098 currat,
1372 3034 1397 3086 ct

210 3198 213 3203 9
286 3120 389 3182 Ecclt'.
411 3120 461 3182 58.
481 3143 512 3205 9.
532 3122 563 3182 V
566 3122 617 3184 ida
631 3121 698 3186 loa.
719 3123 771 3186 58.
792 3123 821 3186 5.
868 3121 1075 3196 clarificetur,
1092 3120 1172 3184 sicut
1184 3131 1216 3182 et
1232 3115 1316 3203 apud
1328 3133 1396 3178 ves:

340 3206 493 3283 Fratres,
526 3208 668 3272 voluntas
696 3209 825 3296 quidem
868 3223 899 3273 et
911 3222 945 3272 ut
957 3207 1128 3274 liberemur
1145 3207 1183 3270 ab
1203 3203 1395 3292 importunis.

286 3294 391 3360 cordis
417 3295 478 3358 mei
494 3345 513 3370 „
527 3308 558 3359 et
582 3299 758 3362 obsecratio
786 3298 826 3361 ad
868 3310 899 3362 et
912 3297 1002 3362 malis
1014 3296 1206 3368 homiuibus.
1218 3295 1239 3358 I
1242 3295 1269 3358 b.
1285 3295 1313 3357 5.
1334 3315 1357 3354 ι.
1370 3311 1393 3350 t-

286 3385 408 3458 Deum,
427 3383 463 3447 stt
478 3408 536 3471 pro
552 3383 612 3449 illis
626 3386 658 3450 in
677 3385 821 3450 salutem.
913 3386 1056 3450 Obsecro
1073 3385 1167 3472 igitur
1183 3383 1322 3470 primum
1337 3398 1397 3442 om-

285 3472 379 3537 Rom.
404 3497 452 3538 ro.
474 3496 500 3536 ι.
868 3474 974 3550 ιιίιιιιι,
992 3474 1059 3538 lieri
1074 3472 1325 3543 obsecrationes,
1339 3487 1386 3528 ora

330 3561 529 3625 Peromnem
541 3561 715 3626 orationem
727 3560 826 3626 etob'·
869 3562 988 3637 tiones,
1019 3560 1263 3650 postulationes,
1292 3555 1396 3644 gratia-

286 3649 494 3713 secrationem
508 3651 733 3714 orantesomni
748 3661 826 3726 tem-
868 3673 939 3714 rum
969 3651 1135 3725 actiones,
1166 3672 1223 3737 pro
1259 3645 1396 3710 omnibus

286 3760 363 3824 porc
378 3737 409 3800 in
425 3738 554 3824 spiritu:
572 3749 603 3801 et
619 3737 736 3825 inipso
752 3738 826 3824 vigi·
868 3739 1049 3804 hominibus
1068 3763 1076 3802 :
1107 3761 1166 3826 pro
1192 3735 1345 3822 regibus,
1371 3739 1397 3790 et

286 3825 826 3890 lantesinomniinstantitletobse·
867 3827 1041 3902 omnibus,
1070 3829 1126 3914 qui
1152 3826 1185 3890 in
1215 3821 1394 3888 sublimitate

287 3915 441 3988 eratione,
451 3939 509 4002 pro
521 3913 669 3978 amnibus
681 3913 822 3988 Sanctis;
869 3927 954 3989 sunt,
963 3927 1003 3978 ut
1015 3915 1154 4002 quietam
1166 3926 1197 3978 et
1206 3906 1394 3998 tranquillam

287 4016 318 4066 et
331 4027 388 4090 pro
400 4027 452 4068 mc
461 4016 515 4078 ,ut
528 4003 621 4068 detur
632 4003 709 4067 mihi
721 4027 826 4069 sermo
869 4003 964 4068 vitam
977 4027 1125 4092 agamus,
1141 4003 1173 4066 in
1189 4000 1394 4086 omatpieuu

288 4092 320 4155 in
336 4092 497 4182 apertione
512 4093 575 4159 eris
586 4093 649 4160 mei
661 4115 735 4161 cum
748 4092 827 4161 sulu-
869 4104 901 4157 et
912 4093 1065 4159 castitate.
1086 4115 1112 4156 ι.
1134 4091 1221 4158 Tim.
1240 4113 1275 4174 a.
1287 4111 1313 4152 ι.
1331 4109 1355 4150 a.

292 1305 427 1372 Hostem
442 1324 572 1397 superat
586 1309 802 1398 spiritualem.

444 2185 664 2273 Carpos-alem.

282 2723 444 2813 Impetrat
465 2724 542 2789 toni
557 2726 821 2791 consecutionem.
