2967 4675
292 289 298 299 '
351 312 429 421 sen
919 314 996 385 sen
1178 322 1240 409 ³9,-

213 430 217 435 ’
302 460 470 503 sescenas.
699 456 770 499 rum
782 434 972 521 sapientium
985 450 1000 509 ,⁴
1014 446 1046 497 et
1058 434 1090 499 in
1107 458 1240 521 prover-

699 523 759 587 biis
769 546 881 588 eorum
894 534 1092 589 conversore.
1110 522 1158 587 Ab
1167 524 1241 611 ipsis

140 569 297 635 ΜΝ
320 574 509 635 ’mmai‘
532 568 626 633 ‘’W‘'
699 613 785 677 enim
797 612 897 679 disces
911 611 1100 700 sapientiam
1116 612 1240 679 etdoo·⁴

287 657 477 723 honoratur.

157 790 657 880 Coramcanocapiteconsurge,
698 801 864 878 praetereat
873 790 1013 854 narratio
1025 789 1240 855 seniorum—-

113 891 144 943 et
174 879 300 944 honore
334 904 503 969 personam
521 925 523 928 -
539 880 656 945 senis:
698 878 849 968 quonism
871 878 910 943 ab
935 878 1009 966 ipsis
1030 876 1132 944 disces
1149 878 1240 944 intel-

46 979 47 1052 }
113 980 144 1033 et
156 969 237 1033 time
248 969 421 1035 Dominum
433 969 537 1035 Deum
550 982 649 1034 tuum.
697 966 839 1043 lectum,
856 980 917 1032 etc.
936 992 969 1032 υ.
988 992 1019 1053 9.
1038 982 1067 1031 ct
1086 990 1149 1053 seq.

113 1057 219 1122 Louit.
244 1081 294 1145 ¹9·
315 1059 366 1123 da.
744 1055 1237 1145 Qutmspeciosumcanitieiju-

46 1217 47 1230 p
156 1146 194 1211 ln
212 1147 348 1235 antiquis
364 1160 412 1213 est
428 1147 603 1236 sapientia,
624 1158 656 1211 et
698 1145 836 1211 diciumi
855 1145 1018 1223 -Quom
1031 1142 1171 1230 speciose
1184 1166 1240 1211 ves

46 1241 47 1244 ’
112 1234 275 1301 inmulto
299 1247 445 1325 tempore
472 1235 651 1324 prudentia.
698 1234 817 1298 teranis
841 1233 1012 1321 sapientie,
1041 1242 1073 1295 et
1099 1229 1241 1318 gloriosis

46 1313 47 1350 ³
110 1324 242 1390 lodus.
267 1347 316 1391 ra.
697 1320 879 1387 intellectus
902 1332 934 1384 et
956 1315 1144 1385 consilium!
1183 1319 1242 1384 Co

155 1413 259 1502 Igitur
270 1409 340 1478 Eiiu
353 1413 530 1502 expectavit
540 1411 603 1476 tob
613 1410 657 1474 lo-
698 1433 778 1475 rona
799 1426 910 1473 senum
933 1407 1032 1473 multa
1056 1407 1188 1495 peritis,
1210 1422 1242 1473 et

110 1514 264 1587 quentem
295 1524 304 1567 ε
331 1508 369 1567 co
398 1500 486 1590 quod
516 1500 657 1565 seniores
697 1497 797 1587 gioria
814 1494 1130 1563 illornmtimorttci.
1150 1494 1238 1561 loto.

110 1603 218 1656 esseut
235 1591 287 1679 qui
305 1590 570 1680 loquebantur-
582 1586 658 1653 Res·
700 1589 752 1652 25.
773 1588 804 1651 6.
821 1602 928 1672 etseq.

109 1680 323 1767 pendensque
340 1717 384 1727 —
403 1678 482 1743 dixit
507 1702 515 1742 :
543 1677 658 1742 Junior
743 1674 909 1741 Seniorem
936 1696 978 1739 ne
1003 1673 1239 1763 increpaveris,

109 1792 182 1832 snm
200 1779 366 1855 tempore,
386 1790 441 1833 ros
454 1778 561 1831 autem
573 1765 657 1829 auti·
697 1763 754 1828 scd
767 1765 899 1833 obsecro
911 1774 943 1827 ut
951 1775 1085 1851 patrem.
1108 1787 1134 1829 r.
1150 1764 1236 1831 Timr

109 1854 654 1942 quiores,idcirct›demissocapite,
698 1854 730 1917 5.
752 1876 778 1917 r.

108 1946 234 2009 veritus
274 1948 349 2008 ‘sum
388 1944 478 2010 vobis
515 1943 655 2009 indicere
741 1941 791 2007 Tu
815 1980 857 1989 --
878 1930 1007 2030 loquere
1030 1956 1099 2031 quas
1121 1942 1238 2009 decent

107 2055 220 2099 meam
246 2034 444 2099 sententiam.
480 2032 655 2121 Sperabam
696 2052 806 2095 sanam
839 2028 1037 2097 doctrinam:
1070 2030 1168 2098 Senes
1203 2045 1238 2098 ut

106 2122 222 2196 enim,
242 2122 327 2209 quod
343 2134 417 2187 aetos
432 2120 584 2212 prolixior
605 2120 648 2185 lo·
695 2119 792 2185 sobrii
808 2118 887 2196 sint,
902 2119 1029 2208 pudici,
1042 2122 1238 2207 prudentes,

107 2220 288 2297 queretur,
315 2224 347 2276 et
362 2228 519 2277 annorum
542 2209 653 2275 multi·
691 2208 761 2273 seni
778 2208 810 2274 in
828 2207 911 2285 tide,
936 2208 968 2275 in
988 2208 1179 2285 dilectione,
1205 2211 1236 2273 in

108 2299 187 2365 tudo
201 2298 331 2366 doceret
342 2302 538 2390 sapientiam.
558 2300 648 2366 [tid.
693 2298 854 2452 patientit.
875 2297 963 2372 Anus
975 2296 1121 2363 similiter
1136 2299 1167 2362 in
1183 2297 1237 2362 ha-

110 2390 214 2468 dad.
235 2405 338 2478 etseq.
717 2388 762 2452 itu
790 2399 924 2463 sancto,
950 2398 1010 2452 etc.
1046 2385 1111 2450 Tit.
1145 2409 1173 2450 a.
1205 2411 1232 2451 r.

152 2477 281 2544 Corona
303 2480 464 2568 dignitatis
483 2491 650 2555 senectus,
693 2493 723 2541 et
737 2498 801 2564 seq.

110 2589 176 2652 quae
192 2569 226 2633 in
244 2568 301 2632 viis
316 2569 444 2656 justitias
460 2567 647 2662 reperietur.
739 2563 986 2634 Adolescentes,
1005 2560 1121 2625 subditi
1137 2573 1238 2626 estote

111 2657 210 2722 Proo.
235 2658 285 2721 16.
306 2659 359 2722 51.
693 2651 882 2719 senioribus.
906 2651 1040 2714 1.Petr.
1063 2653 1093 2714 5.
1114 2652 1144 2714 5.

150 2747 299 2836 Dignitns
335 2769 471 2820 senum,
505 2743 647 2809 canities.
793 2793 969 2856 mmm
1010 2790 1129 2856 mm

111 2833 195 2901 rou.
218 2858 271 2901 20.
294 2859 345 2924 29.
682 2853 686 2861 ·
967 2815 1011 2880 Ψ
1130 2837 1138 2855 ·

152 2923 310 2990 Senectus
344 2926 430 2990 enim
465 2919 652 2988 venerabilis
738 2926 816 2992 Tres
852 2926 972 3014 species
1004 2925 1103 2991 odivit
1133 2925 1236 2991 anima

115 3026 174 3091 est,
191 3037 259 3081 non
276 3013 445 3090 diuturna,
469 3032 571 3101 neque
592 3034 652 3075 an·
693 3039 764 3081 mea
783 3055 825 3064 -
845 3037 1018 3106 pauperem
1038 3015 1233 3104 superbum:

116 3123 225 3169 norum
266 3125 402 3170 numero
436 3112 648 3190 computata:
694 3104 824 3170 divitem
839 3106 1026 3171 mendaeem
1046 3128 1053 3169 :
1070 3128 1179 3171 senem
1193 3106 1237 3171 sa-

118 3195 181 3257 cani
198 3204 309 3258 autem
329 3206 404 3258 sunt
425 3208 535 3258 sensus
550 3189 652 3255 homi·
694 3205 825 3259 tuomet
838 3195 1041 3260 insensatum.
1057 3193 1161 3260 Eroti.
1179 3197 1230 3260 25.

118 3280 179 3357 nis,
195 3294 229 3346 et
244 3294 319 3346 etas
332 3283 502 3348 senectutis
515 3280 578 3344 vita
590 3280 652 3344 im-
693 3285 725 3348 5.
741 3287 772 3363 4.
795 3281 881 3349 Vide
891 3307 1002 3349 uorsus
1016 3291 1187 3370 sequentes.

117 3369 278 3436 maculate.
298 3373 377 3462 Sap.
397 3375 427 3451 4.
447 3372 528 3457 8.“9.
738 3372 822 3438 Puer
842 3385 973 3439 centum
990 3395 1147 3438 annorum
1169 3394 1235 3436 mo-

158 3459 191 3525 ln
215 3458 420 3526 multitudine
446 3458 652 3548 presbytero·
694 3461 819 3538 rietur,
861 3474 893 3527 et
945 3474 1074 3528 escator
1105 3472 1234 3526 centum

117 3557 183 3611 rum
207 3549 415 3638 prudentium
437 3562 509 3623 sta,
539 3558 570 3613 et
601 3567 652 3610 su·
694 3574 851 3617 annorum
871 3485 1141 3618 msiedtctuserit.
1164 3549 1231 3617 Iso.

117 3635 234 3736 pientiae
256 3637 386 3704 illorum
402 3663 441 3704 ex
457 3632 554 3704 corde
571 3658 652 3702 eon·
694 3642 746 3705 65.
769 3663 819 3707 ao.

117 3744 263 3816 jungere,
285 3740 347 3815 etc.
365 3729 470 3796 Eucti.
490 3729 521 3793 6.
541 3723 593 3792 55.
737 3731 870 3820 Egresso
887 3742 934 3796 est
955 3729 1103 3816 iniquitas
1119 3726 1158 3793 de
1177 3725 1237 3790 ua-

159 3816 201 3882 Ne
222 3839 352 3905 spernas
367 3817 530 3883 hominem
546 3817 577 3882 in
595 3819 651 3881 sut
693 3818 811 3908 bylone
826 3827 843 3884 a
862 3818 1038 3884 senioribus
1054 3815 1233 3903 judicibus,

118 3907 419 3973 senectutesetenius
438 3932 477 3974 cx
500 3907 591 3974 nobis
605 3930 651 3971 se·
693 3911 747 3996 qui
768 3907 965 3974 videbantur
993 3929 1101 3994 regere
1131 3924 1236 3992 popu-

119 4009 254 4060 nescnnt.
276 3993 365 4063 idid.
385 4000 415 4063 8.
437 4023 466 4084 7.
487 3997 533 4063 Ne
549 3995 651 4085 despi-
693 3996 771 4063 lum.
800 3999 889 4064 Dan.
925 3995 972 4058 15.
1001 3995 1030 4058 5.
1056 3994 1233 4058 inveterate

120 4080 176 4143 cias
205 4088 418 4153 narrationem
445 4088 657 4174 presbytero-⁴
693 4084 818 4150 dierum
833 4081 1046 4148 malorumo.
1068 4083 1120 4145 ss.

699 701 814 766 trinam
840 699 1019 767 intellectus
1042 740 1084 750 —
1112 700 1181 766 Non
1208 714 1240 766 te
1353 774 1358 785 ,
