2967 4675
356 355 439 424 REG
922 349 1007 419 REG
1070 403 1073 408 -
1188 359 1251 425 335

160 467 311 536 Calicem
334 469 461 558 quidem
481 491 588 535 meum
616 470 666 534 bi·
708 462 822 529 decem
844 466 1043 553 virginibus,
1068 482 1129 534 etc.
1156 471 1246 538 Ibid.

110 559 199 623 betis
212 559 379 646 (atulam
385 558 469 648 filiis
479 558 641 645 Zebedaei)
655 581 663 622 :
710 556 762 618 25.
782 578 807 618 ι.

110 647 234 713 sedere
280 661 387 713 autem
422 646 461 712 ad
502 647 665 714 dexteram
751 642 857 708 Homo
871 643 1002 732 quidam
1024 647 1101 713 fecit
1123 670 1249 715 coenam

110 759 249 814 meam,
275 737 325 804 vel
345 738 521 813 sinistram,
538 748 666 804 nonest
707 754 883 820 magnam,
911 745 943 798 et
965 737 1088 802 vocarit
1114 736 1244 804 multos.

110 849 231 890 meum
247 826 324 891 dare
339 827 449 902 vobis,
473 824 530 890 sed
548 827 664 916 quibus
708 820 748 883 Εἰ
775 822 863 887 misit
888 845 1014 888 servum
1043 849 1136 892 suum
1166 827 1245 894 bord

107 915 455 1002 paratumestaPatre
470 939 553 982 meo.
569 915 659 982 ibid.
706 931 806 975 coenae
829 910 936 978 dicere
954 913 1111 992 invitatis,
1135 929 1169 982 ut
1190 941 1247 982 ve-

105 1027 138 1068 c.
172 1005 234 1070 25.
267 1001 353 1070 Item
385 1003 492 1073 ,blare
525 1029 573 1071 ro.
605 1006 658 1094 59.
706 999 830 1076 nirent,
854 1002 928 1088 quia
954 1002 1020 1088 jam
1039 1016 1149 1091 parata
1172 1018 1247 1072 suat

104 1095 161 1171 4ο.
705 1089 822 1154 omnia.
839 1091 879 1154 Et
894 1104 1060 1180 coeperunt
1074 1092 1167 1158 simul
1179 1118 1245 1160 om-

154 1181 228 1262 Qui
250 1181 385 1269 (Deua)
410 1184 524 1272 eripuit
539 1207 598 1250 nos
619 1184 662 1250 de
704 1200 762 1242 nes
787 1201 959 1256 excusare,
982 1192 1045 1246 etc.
1080 1182 1157 1248 Luc.
1193 1188 1241 1264 ι4.

107 1283 275 1357 potestate
287 1271 662 1348 tenebrarum,ettrans-
709 1268 759 1331 ¹6·
779 1282 884 1353 etseq·

107 1358 186 1425 tulit
200 1361 238 1425 in
250 1383 385 1451 regnum
397 1359 470 1426 Filii
482 1360 661 1427 dilectionis
750 1355 800 1419 dn
811 1355 959 1432 nescitis,
972 1358 1045 1445 qula
1057 1358 1157 1446 lsslqul
1168 1382 1242 1448 nng-

107 1472 175 1514 suae
196 1473 206 1514 ε
227 1449 335 1538 inquo
348 1448 504 1514 habemus
517 1448 662 1538 redemp-
704 1465 804 1528 gnum
832 1445 891 1508 Del
919 1467 984 1510 non
1010 1445 1244 1534 possidebunt?

107 1537 238 1604 tionem
267 1562 327 1628 per
358 1539 544 1627 sanguinem
571 1539 659 1626 ejus,
706 1530 1243 1621 Noliteerrare:Nequefornicarii‚

106 1627 337 1693 remissionem
354 1639 572 1714 peccatorum.
597 1626 661 1692 Co·
704 1642 809 1708 neque
824 1620 915 1687 idolis
932 1624 1123 1698 servientes,
1140 1649 1244 1714 neque

104 1717 181 1782 roo.
211 1739 237 1781 1.
262 1717 312 1782 ab.
337 1717 386 1794 14.
703 1707 839 1775 adulteri
847 1749 860 1784 ,»
877 1735 981 1802 neque
992 1713 1123 1791 molles,
1139 1738 1243 1805 neque
1307 1761 1311 1768 ·

152 1805 242 1872 Nam
265 1805 291 1869 si
314 1805 658 1881 commonuimus,
702 1798 919 1866 masculorum
931 1804 1170 1880 concubitores,
1187 1829 1241 1872 ae-

103 1905 136 1956 et
167 1893 380 1959 convivemus
405 1917 414 1958 ε
436 1893 460 1958 si
487 1893 660 1959 sustinebi-
701 1910 764 1976 que
779 1888 881 1964 fures,
898 1893 1116 1980 nequeavari,
1136 1917 1240 1984 neque

103 2001 216 2055 mus,
251 1993 284 2044 et
314 1983 589 2072 conregnabimus.
626 2006 654 2049 a.
701 1977 835 2054 ebriosi,
863 2003 966 2068 neque
987 1981 1154 2059 maledici,
1179 2009 1239 2050 ne-

105 2069 401 2136 Tim.a.rr.1s.
528 2135 531 2144 ,
699 2089 762 2154 quc
776 2090 925 2156 rapaces,
947 2073 1152 2159 ragnuchi
1169 2098 1239 2164 pos-

239 2219 243 2226 .
290 2205 489 2297 Negligitur·
698 2155 857 2222 sidebant.
881 2183 908 2224 1.
925 2160 1000 2226 Gor.
1021 2163 1052 2226 6.
1068 2187 1101 2250 9.
1121 2185 1168 2227 ro.

173 2338 259 2404 Dico
290 2351 396 2403 autem
425 2340 538 2417 vobis,
567 2342 655 2431 qubd
869 2295 1060 2362 ‘imbuitur'

107 2426 203 2493 multi
221 2428 261 2492 ab
279 2426 411 2493 Oriente
424 2442 457 2509 et
477 2428 655 2497 Occidente
743 2430 779 2495 ln
798 2430 913 2496 diebus
935 2443 1044 2496 autem
1065 2454 1239 2519 regnorum

109 2516 262 2592 uenient,
299 2529 330 2581 et
361 2518 553 2584 recumbent
578 2543 654 2586 cum
697 2516 825 2584 illorum
837 2569 849 2600 ,
870 2519 1038 2583 suscitabit
1056 2520 1142 2583 Deus
1164 2521 1237 2585 omli

110 2604 297 2682 Abraham,
319 2617 351 2671 et
369 2606 477 2683 Isaac,
498 2620 531 2672 et
551 2608 652 2675 Jacob
696 2630 850 2697 regnum,
867 2606 953 2694 quod
962 2605 995 2669 in
1003 2618 1160 2673 aeternum
1170 2632 1237 2673 non

109 2698 138 2757 tn
154 2716 260 2783 regno
275 2694 453 2760 coelorum:
475 2695 531 2761 filii
547 2709 653 2763 autem
696 2694 921 2782 dissipabitur,
945 2705 1007 2759 etc.
1033 2695 1112 2760 Dan
1128 2717 1158 2759 s.
1181 2699 1235 2775 44.

110 2786 196 2872 regni
209 2784 383 2872 ejicientur
397 2786 428 2849 in
442 2786 589 2853 tenebras
603 2810 654 2853 ex·
698 2784 785 2849 Vide
799 2798 903 2848 totum
917 2804 1060 2848 uersum.

113 2874 255 2939 teriores.
271 2872 392 2941 Mattlr.
413 2876 443 2939 8.
469 2897 517 2939 rr.
543 2898 590 2940 aa.
741 2874 781 2937 Et
800 2870 889 2936 dabit
905 2869 950 2936 illi
972 2870 1145 2962 (Christo)
1171 2872 1239 2937 Do-

152 2962 260 3027 Amen
276 2962 349 3028 dico
366 2962 474 3039 vobis,
496 2964 570 3052 quia
590 2989 653 3054 pun
696 2962 898 3027 minusDeus
910 2959 1018 3026 sedem
1028 2960 1129 3027 Dauid
1140 2964 1237 3052 patris

113 3044 247 3125 blicani,
271 3062 304 3115 ot
327 3052 511 3117 meretrices
530 3076 653 3141 praece·
696 3050 766 3138 ejus
784 3072 792 3115 r
810 3061 843 3114 et
860 3050 1005 3139 regnabit
1017 3050 1049 3115 in
1067 3051 1164 3118 domo
1180 3052 1238 3118 Ja-

114 3134 184 3206 dont
195 3162 255 3204 vos
269 3140 301 3204 in
317 3163 450 3229 regnum
467 3141 536 3207 Dei.
557 3142 653 3209 Venit
695 3140 756 3205 cob
773 3140 805 3204 in
820 3152 995 3216 aeternnm,
1013 3143 1150 3231 stregai
1166 3144 1236 3227 ojus

115 3228 193 3295 enim
220 3227 261 3293 ad
287 3253 342 3294 vus
372 3230 512 3297 Joannes
543 3230 576 3296 in
603 3233 652 3297 via
695 3250 760 3293 non
776 3230 836 3294 erit
852 3229 933 3295 linis.
954 3230 1032 3295 Luc.
1058 3254 1085 3295 r.
1106 3232 1159 3297 ba.
1179 3233 1232 3296 bb.

116 3312 259 3397 justitiae,
277 3330 309 3381 et
326 3342 390 3384 non
402 3317 581 3384 credidistis
597 3321 649 3386 ei:

116 3404 271 3486 publicani
285 3419 392 3473 autem
404 3458 413 3483 ,
426 3420 458 3472 et
466 3408 652 3475 meretrices

118 3494 315 3579 crediderunt
335 3498 375 3561 ei.
400 3507 462 3562 etc.
482 3495 573 3561 Ibid.
596 3520 646 3564 ur.

119 3576 165 3645 5¹·
179 3584 229 3651 bs.
737 3586 786 3653 Ab
806 3610 870 3652 uno
887 3598 1013 3652 sensato
1034 3588 1232 3656 inhabitatur

156 3669 263 3738 Simile
290 3673 411 3739 sactum
439 3684 487 3738 ost
517 3698 649 3765 regnum
691 3676 813 3765 patria;
833 3676 933 3741 tribus
949 3676 1120 3764 impiorum
1140 3678 1233 3746 dese-

117 3757 262 3829 coelorum
278 3763 399 3829 homini
412 3764 497 3852 regi,
512 3765 649 3852 quilecit
692 3779 791 3832 retur.
810 3768 914 3834 Eccli.
934 3766 988 3830 ab.
1009 3770 1039 3830 ὁ.

118 3851 233 3936 nuptias
248 3850 314 3917 filio
331 3874 402 3921 suo.
429 3851 520 3917 Itius
540 3876 590 3919 sn.
616 3880 644 3921 r.
736 3858 777 3921 Et
795 3855 862 3945 ipse
882 3856 1016 3941 (Deus)
1036 3867 1140 3919 mutat
1155 3868 1236 3920 tem-

119 3928 240 4006 lntravit
269 3952 376 4007 autem
404 3964 486 4017 rex,
516 3954 577 4011 etc.
596 3970 642 4015 lu.
691 3968 794 4034 pora,
831 3956 864 4009 ct
897 3954 1006 4008 etates
1039 3968 1047 4008 ε
1082 3943 1232 4011 transfert

123 4044 165 4090 Η.
404 4110 407 4117 ¹
691 4057 808 4121 regna,
826 4045 921 4117 atquo
937 4025 1113 4096 constituit.
1138 4030 1225 4095 Dan.

156 4114 263 4183 Simile
274 4119 335 4183 erit
349 4140 481 4205 regnum
494 4119 648 4185 caelorum
693 4142 722 4184 a.
745 4143 796 4183 aa.
