2967 4675
261 353 319 417 17⁴2

257 447 340 509 litun
353 443 585 531 ,lgrtrancillae
595 466 672 517 srroe,
688 442 797 508 tudere
842 439 920 504 dant
936 438 975 503 de
993 439 1160 505 cordetuo
1175 439 1299 503 cunctis
1315 440 1369 507 dio

255 556 331 596 eum
343 530 415 618 filio
427 552 485 595 suo
503 530 576 617 (uti
599 532 796 597 ucindecen-
841 509 1374 609 busvilaetuaeDocebiseassliosal

247 613 322 701 'tart
341 618 464 681 dixerit
481 619 528 683 ad
538 556 712 684 Adraha-m
726 642 797 684 mo·
842 630 974 707 nepotes
992 630 1080 693 tuos,
1097 622 1115 679 b
1133 615 1184 681 die
1197 616 1229 681 in
1242 640 1304 703 quo
1319 610 1379 695 ste]

252 707 354 766 ritum
374 728 472 769 souin
490 732 501 772 :
528 707 617 793 Ejice
645 707 795 775 ancillam
842 708 906 781 tisti
923 730 1033 773 coram
1049 706 1187 770 Domino
1198 705 1267 771 Deo
1284 719 1341 771 too
1357 710 1383 783 it

249 790 352 866 bunc,
371 794 519 863 etlilium
531 798 609 887 ojus.
626 796 717 863 Ibid.
740 822 791 863 2ι.
842 796 972 869 llorob,
989 807 1050 859 otc.
1069 795 1163 860 Dcut.
1184 796 1216 873 d.
1236 820 1265 881 9.
1288 819 1337 860 ιο.

253 901 301 941 ιο.
313 879 346 939 V
347 880 400 945 ide
415 884 487 951 cat.
507 889 539 966 4.
560 886 612 951 50.
886 883 987 957 Audi,
1005 882 1119 947 lsrael:
1132 882 1288 949 Dominus
1300 884 1392 967 Demi

289 966 395 1034 tarot
411 976 552 1065 singulis
566 976 635 1041 suis
649 974 733 1064 filiis
749 974 797 1041 be-
841 986 966 1048 noster,
980 972 1135 1038 Dominus
1143 996 1224 1037 unus
1232 984 1289 1039 ost.
1305 971 1396 1045 Dili-l

239 1054 418 1143 ,nedicenm
441 1080 471 1129 et
495 1064 718 1151 quorumdum
739 1068 796 1129 de·-
840 1085 894 1151 ges
918 1061 1093 1126 Dominum
1116 1062 1220 1125 Deum
1237 1074 1329 1126 tuum
1348 1050 1399 1127 exl

244 1144 348 1231 fectus
376 1174 543 1241 arguens,
580 1156 698 1243 fertura
728 1154 797 1219 tttts
840 1163 909 1216 toto
925 1150 1118 1227 cordetuo,
1147 1163 1178 1215 et
1190 1174 1229 1217 ex
1240 1155 1309 1214 totsi
1323 1153 1387 1215 ani-

243 1236 414 1319 prodici&
426 1241 622 1328 totidemque
632 1243 797 1308 declarato
841 1247 891 1303 ml
907 1247 983 1315 tuti,
1007 1252 1039 1303 ct
1059 1262 1098 1303 ex
1112 1243 1180 1303 total
1195 1239 1387 1305 fortitudine

245 1326 422 1477 sepulture
435 1352 501 1393 succ
524 1331 612 1406 loeo,
630 1333 791 1399 moritur.
840 1332 905 1392 tud.
928 1330 1092 1416 Druntquo
1105 1328 1298 1403 serbahaee,
1316 1353 1388 1416 quae

247 1409 268 1475 I
293 1413 338 1479 id.
357 1440 384 1479 c.
403 1419 456 1503 49.
840 1416 1388 1506 egopraecipiotibibodio‚incorde

294 1504 446 1569 Occurrit
460 1506 628 1574 Dominus
637 1508 747 1599 Moysi
759 1510 797 1573 in
840 1519 896 1572 tuo
916 1556 925 1582 ‚
943 1519 974 1571 ot
989 1505 1133 1571 narrabis
1150 1529 1187 1571 ea
1204 1505 1278 1571 filiis
1292 1508 1357 1571 tuis
1380 1560 1388 1583 ,

251 1593 381 1667 itinere,
395 1608 426 1658 ct
437 1596 697 1663 ooluitoecidcrc
707 1622 794 1673 οιιιιι,
840 1608 872 1661 ct
887 1594 1094 1661 meditaberis
1110 1593 1141 1661 in
1162 1596 1207 1659 eis
1223 1596 1338 1660 sedens
1356 1598 1387 1660 in

496 329 574 393 mn
1072 326 1153 393 nm

249 1687 285 1745 ao
298 1681 385 1767 quod
404 1681 516 1770 lilium
530 1712 627 1753 autam
644 1711 713 1754 non
728 1689 797 1752 eir-

249 1772 455 1838 cumcidisset
471 1779 576 1861 juata
603 1776 705 1867 legem
724 1776 796 1841 Do-

246 1858 345 1923 mini.
363 1860 473 1926 Exod.
492 1867 524 1942 4.
545 1867 596 1944 ab.

293 1948 332 2011 m
354 1972 464 2016 narres
488 1952 614 2039 (Moysi
630 1969 659 2017 et
676 1954 796 2017 Aaron

247 2037 296 2100 ait
313 2038 420 2127 Deus)
447 2042 480 2105 in
503 2042 633 2105 nuribus
654 2039 794 2117 libitui,

248 2137 280 2188 ot
304 2141 459 2215 nepotum
490 2141 639 2206 tuorum,
671 2131 795 2217 quoties

247 2216 457 2283 contriverim
470 2218 649 2307 AEgyptios‚
663 2231 694 2282 ct
707 2219 794 2307 signa

248 2326 321 2370 mea
336 2306 469 2373 fecerim
489 2307 521 2373 in
540 2307 602 2383 eis;
622 2319 654 2373 et
670 2308 794 2386 sciatis,

246 2394 323 2480 quia
347 2420 406 2484 ogo
430 2397 597 2462 Dominus.
623 2396 714 2462 Ibid.
742 2423 792 2464 ιο.

251 2505 280 2546 2.
303 2483 388 2549 Vide
404 2510 430 2549 c.
452 2508 501 2550 ι2.
523 2487 574 2551 ab.
597 2510 648 2574 27.

295 2571 400 2638 Omne
422 2588 529 2640 autom
545 2575 794 2664 primogenitum

249 2659 388 2727 hominis
416 2663 455 2728 de
485 2663 558 2730 filiis
581 2667 667 2741 tuis,
690 2666 795 2753 pretio

252 2748 398 2817 redimes.
433 2754 580 2842 Cbmquo
617 2756 796 2842 interroga-

249 2839 330 2902 verit
344 2852 375 2905 te
386 2841 470 2908 lilius
480 2857 553 2910 tuus
565 2868 635 2910 cras
646 2895 654 2921 ,
665 2844 793 2920 dicens,
840 2842 857 2929 (

252 2927 338 3007 Quid
351 2943 397 2994 est
414 2931 503 2998 boci’
520 2933 727 3021 respondebis
740 2933 769 2997 oi
785 2955 792 2996 :

251 3016 287 3080 ln
311 3040 408 3083 manu
433 3021 505 3086 sorti
530 3022 639 3087 eduxit
654 3046 712 3087 nos
726 3021 796 3086 Do-

246 3105 354 3172 minus
370 3107 410 3173 dc
424 3117 504 3174 terrll
523 3111 670 3199 AEgypti,
687 3109 795 3175 dodo-

247 3218 302 3260 mo
313 3197 483 3264 servitutis.
499 3199 589 3266 Ibid.
607 3201 656 3265 15.
674 3200 722 3264 ιδ.
742 3201 790 3278 ιΔ.

293 3287 334 3349 Et
357 3287 477 3351 lactum
493 3301 540 3353 est
556 3289 676 3376 grande
692 3288 793 3355 mira-

840 1684 936 1749 domo
955 1691 1030 1760 tul,
1047 1696 1078 1748 ct
1095 1682 1261 1749 ambulans
1280 1685 1314 1749 in
1334 1686 1386 1749 iti-

840 1796 939 1849 nere‚
960 1772 1121 1838 dormiens
1145 1786 1240 1859 atque
1255 1796 1387 1837 consur·

840 1886 927 1951 gens.
938 1861 956 1927 l
961 1861 1027 1927 bid.
1039 1862 1069 1927 6.
1080 1866 1111 1941 d.
1123 1877 1227 1949 etseq.
1240 1862 1387 1950 Gbmque

840 1948 1383 2040 interrogaverittefiliustuuscras‚

839 2039 948 2105 dicens
968 2064 975 2105 :
993 2039 1070 2127 quid
1086 2039 1146 2105 sibi
1163 2037 1274 2105 volunt
1294 2042 1384 2105 testi·
1439 2056 1440 2060 ’

841 2130 948 2193 monio
976 2129 1073 2205 hec,
1098 2141 1131 2194 et
1156 2130 1383 2201 ceremonias,

841 2230 935 2305 atquc
962 2218 1110 2305 judicia,
1142 2241 1212 2304 quar
1234 2220 1386 2307 precepit

840 2306 997 2373 Dominus
1023 2307 1109 2374 Deus
1131 2319 1239 2372 noster
1265 2308 1386 2374 nobis?

840 2397 934 2463 Dices
954 2397 982 2462 ei
1006 2421 1014 2460 ε
1040 2397 1129 2463 Servi
1152 2420 1277 2462 eramus
1300 2397 1384 2462 Phu-

840 2485 1151 2574 raonisinAEgypto‚
1169 2497 1200 2552 et
1209 2485 1317 2551 eduxit
1326 2509 1385 2552 nos

840 2575 995 2640 Dominus
1019 2574 1060 2640 de
1078 2575 1215 2664 AEgypto
1231 2576 1264 2640 in
1284 2599 1383 2640 manu

840 2664 932 2739 sorti,
952 2677 1063 2729 otoo.
1086 2688 1137 2730 2ο.
1160 2687 1211 2729 2ι.

885 2754 1005 2823 Doccte
1017 2751 1100 2836 filios
1116 2765 1256 2828 vestros,
1274 2764 1309 2816 ut
1325 2751 1380 2816 ills

884 2843 949 2908 Dei
978 2841 1079 2908 verbo
1101 2843 1117 2930 )
1145 2841 1342 2908 meditentur
1368 2891 1379 2916 ,

839 2930 967 3019 quaudo
984 2930 1101 2996 sederis
1114 2931 1146 2996 in
1156 2931 1250 2996 domo
1263 2937 1334 3006 tul,
1350 2943 1382 2994 et

839 3019 1051 3086 ambulaveris
1077 3020 1109 3085 in
1139 3019 1188 3086 viu
1205 3069 1214 3096 ,
1234 3032 1267 3084 ct
1283 3043 1383 3084 accu-

838 3108 966 3185 bueris,
991 3120 1086 3197 atque
1104 3108 1294 3185 surrexeris,
1315 3120 1379 3174 otc.

838 3197 859 3264 I
862 3195 928 3261 tiu.
953 3221 1001 3262 ιι.
1019 3220 1065 3285 ι9.

884 3286 917 3350 Si
929 3287 1074 3374 genuerit
1086 3286 1183 3352 bomo
1192 3285 1294 3352 filium
1306 3309 1384 3352 oon-

248 3371 376 3451 cnbrm,
394 3388 430 3440 nt
443 3377 525 3443 Core
537 3389 692 3466 pereunte
708 3429 717 3453 ,
734 3375 793 3442 filii
838 3385 1020 3452 samonem,
1045 3389 1076 3440 ot
1092 3388 1276 3464 protervum
1292 3423 1301 3446 .
1327 3377 1382 3462 qui

248 3458 332 3526 illius
351 3487 416 3530 non
434 3466 577 3554 perirent
595 3491 604 3533 :
622 3489 704 3530 nam
716 3489 793 3553 pec·
838 3486 902 3530 non
911 3463 1019 3532 audiat
1027 3464 1126 3553 patris
1139 3464 1315 3530 autmatris
1325 3465 1385 3529 im·

241 3567 466 3641 -eantepatro,
484 3556 549 3643 ipsi
563 3579 631 3619 oon
639 3577 791 3648 peecave-
837 3553 989 3641 perium,
1015 3565 1047 3618 ot
1070 3554 1228 3620 coercitus
1249 3553 1385 3618 obedire

248 3643 723 3728 ront,qu0dintermiraeolo
739 3638 794 3708 liic
838 3643 1066 3732 contempserit
1097 3666 1106 3707 :
1141 3667 1157 3708 a
1182 3642 1385 3731 prehenderit

249 3737 452 3796 nommetur.
468 3733 570 3798 Num.
585 3734 636 3798 26.
653 3756 702 3798 ιο.
837 3755 933 3809 eum,
951 3743 982 3798 ct
998 3732 1117 3798 ducent
1133 3667 1179 3802 ad
1185 3732 1329 3797 seniores
1341 3733 1386 3796 ei·

295 3816 427 3884 Custodi
440 3821 536 3910 igitur
548 3821 792 3909 temeptipsum,
839 3821 942 3886 vitatis
959 3819 1062 3896 illius,
1082 3821 1170 3886 etad
1185 3833 1315 3910 portam
1333 3821 1386 3906 ju-

243 3917 282 3966 et
299 3907 438 3974 animam
462 3921 551 3976 suam
570 3909 704 3976 sollicito
724 3933 732 3974 ε
752 3933 792 3975 ne
838 3907 928 3984 dicii,
943 3908 1113 3998 dicentque
1130 3911 1171 3974 nd
1183 3934 1237 3976 eos
1256 3935 1263 3975 :
1280 3909 1385 3976 Filius

242 3992 446 4064 obliviscaris
462 3999 652 4075 verborum,
669 4023 739 4088 quar
751 4001 794 4064 vi·
838 4010 947 4064 noster
965 3998 1024 4064 iste
1040 4011 1205 4088 protervus
1217 4011 1249 4064 ot
1265 4012 1387 4066 contu-

242 4082 364 4152 derunt
387 4087 471 4156 oculi
493 4089 563 4165 tui,
587 4102 618 4155 et
642 4114 682 4156 ne
704 4089 793 4155 cxci·
838 4111 914 4172 ruas
926 4099 991 4164 est,
1008 4089 1129 4154 monita
1148 4101 1255 4156 nostra
1272 4089 1386 4156 audire
