2967 4675
179 408 311 489 exiliens
320 420 496 493 decivitate
508 418 540 483 in
549 416 720 489 civitatem,
767 418 861 487 vitae:
883 428 919 481 ut
932 438 998 485 nou
1013 416 1228 505 impedimur
1242 438 1311 483 ora·

182 534 215 577 o.
233 531 284 596 ²7·
768 506 869 575 tiones
890 516 1012 587 vestrae,
1038 527 1066 571 ι.
1090 504 1179 571 Par.
1213 505 1245 574 b.
1280 528 1310 574 ι.

228 597 317 673 Viri,
334 592 453 683 diligite
476 616 589 663 uxores
608 602 726 745 vest'rps
770 618 838 681 usq,
853 593 899 659 cd
914 594 945 660 8.

202 688 210 703 '
400 684 408 700 ‘
519 684 527 699 ⁸
581 683 605 747 it
667 704 728 747 ce·
980 729 990 747 .
1072 731 1081 748 .

185 682 729 863 :ttttttttttntta
881 728 1207 884 terruere

185 867 233 927 ei.
261 861 379 954 Epire-s.
411 864 441 927 5.
475 860 526 927 ad.
552 861 599 941 tta
619 872 652 928 et
671 858 730 942 'viri
924 842 938 881 ι
1149 866 1158 883 ·

187 950 307 1016 debent
318 948 450 1038 diligere
461 972 575 1015 uxores
590 972 678 1024 suas,
697 958 732 1015 ut
820 947 1038 1029 Quamobrem
1049 944 1207 1035 relinquet
1218 944 1318 1019 homo

188 1059 325 1128 corpora
339 1062 407 1110 aun.
424 1038 489 1119 Qui
500 1058 733 1119 suamnxorem
774 1048 899 1127 patrem
921 1058 1038 1112 suurn,
1058 1046 1091 1101 et
1111 1046 1320 1119 matrem,et

191 1126 311 1218 diligit,
327 1127 467 1219 seipsum
489 1126 600 1227 diligit.
620 1151 652 1192 a.
679 1126 729 1191 all.
777 1124 952 1193 adhaerebit
966 1124 1057 1208 uxori
1072 1146 1137 1204 sup
1151 1146 1160 1188 r
1176 1135 1210 1188 et
1223 1135 1319 1201 emant

191 1216 422 1283 Verumtamen
455 1228 488 1281 et
516 1240 571 1283 vos
601 1211 734 1303 singuli,
777 1214 1084 1301 duoiucarneuni,
1099 1214 1179 1278 Gen.
1196 1235 1226 1279 a.
1242 1214 1294 1291 ad.

194 1304 737 1396 unusquisqueuxoremsuamsicut
836 1300 975 1369 Attende
1006 1300 1086 1384 tibi,
1120 1298 1166 1367 fili
1188 1300 1254 1377 mi,
1280 1298 1323 1367 ab

194 1416 228 1465 se
246 1393 352 1483 ipsum
372 1393 507 1485 diligat:
530 1418 609 1461 uxor
631 1403 737 1465 autem
780 1391 866 1459 omni
892 1390 1122 1466 fornicatione,
1151 1400 1185 1454 et
1209 1400 1327 1477 praeter

196 1481 307 1547 timeat
324 1482 427 1551 virum
443 1505 546 1548 suum.
566 1509 599 1553 u.
616 1480 677 1559 55,
781 1485 1185 1565 uxoremtuamnunquam
1196 1477 1329 1565 patiaris

240 1568 307 1636 lliri
329 1568 448 1663 diligite
467 1594 580 1639 uxores
601 1580 738 1643 vestras.
781 1570 904 1652 crimen
920 1567 1013 1636 scire.
1035 1566 1064 1634 T
1063 1567 1114 1633 ob.
1134 1570 1167 1647 Δ.
1191 1568 1240 1649 rt,
1295 1636 1301 1643 ,

196 1668 229 1723 at
255 1656 354 1723 nolite
377 1660 477 1735 amari
503 1683 571 1727 esse
596 1658 636 1741 nd
657 1654 736 1724 illas.
772 1714 778 1725 .
826 1660 893 1761 ligo
911 1653 1226 1739 autemdicovobis:
1245 1653 1329 1735 Quia

197 1744 316 1813 Colore.
337 1746 368 1811 5.
392 1770 440 1835 ¹9·
693 1753 694 1757 ’
784 1750 905 1823 omnis,
931 1745 986 1833 qui
1013 1743 1170 1816 dimiserit
1195 1766 1330 1811 uxorem

242 1832 396 1899 Similiter
406 1846 438 1899 et
450 1835 598 1907 mulieres
608 1833 743 1907 subdita
785 1859 902 1911 suam,
942 1837 1075 1921 excepti
1112 1832 1331 1915 fornicationis

200 1920 263 1987 sint
274 1922 348 1986 viris
363 1922 445 1990 suis:
464 1935 499 1987 ut
518 1936 550 1989 et
565 1925 590 1989 si
608 1924 662 2011 qui
678 1945 744 1995 uon
786 1920 1331 2008 caust,laeiteammoeahari:etqui

200 2007 337 2075 credunt
355 2009 471 2087 uerbo,
493 2034 551 2099 per
574 2010 746 2080 mulierum
786 2012 950 2089 dimissam
978 2009 1128 2087 duxerit,
1155 2008 1326 2091 adulterat

201 2098 477 2163 conversationem
496 2098 656 2187 (domm)
676 2098 746 2165 sine
787 2098 907 2176 Mettis.
923 2100 954 2167 5.
971 2101 1023 2165 da.
1043 2098 1075 2161 V
1076 2096 1130 2165 ida
1140 2123 1167 2165 c.
1186 2123 1236 2187 ¹9·
1274 2144 1286 2164 .

203 2185 301 2251 verbo
314 2184 491 2264 lueriliant,
508 2188 747 2255 considerantes
834 2186 922 2268 Quid
937 2194 1012 2276 ergo
1028 2183 1153 2277 bloyses
1170 2122 1332 2264 mandavit

203 2272 237 2356 in
255 2273 370 2341 timore
394 2288 515 2344 castam
537 2276 748 2353 conversatio-
783 2274 1018 2354 -darelibellum
1026 2276 1168 2366 repudii,
1181 2289 1213 2344 et
1227 2275 1335 2350 dimitf

206 2383 278 2430 nem
295 2375 444 2450 vestram,
465 2366 610 2520 (puerum
625 2390 690 2440 non
709 2365 749 2433 sit
790 2365 1201 2452 tereiAitillis:Quoniam
1209 2365 1335 2454 Moyses

207 2451 402 2524 extrinsecus
411 2456 481 2542 capi
494 2449 678 2532 latura,au't
689 2453 750 2520 cir-
792 2454 993 2523 adduritiam
1014 2453 1120 2522 cordis
1141 2456 1238 2522 vestri
1259 2478 1336 2545 per-

208 2540 370 2608 cumdatio
389 2543 477 2620 anri,
498 2556 554 2610 aut
572 2543 751 2626 indumenti
791 2545 877 2612 misit
907 2542 996 2610 vobis
1031 2543 1192 2610 dimittere
1222 2565 1337 2618 uxores

208 2629 469 2712 vestimentorum
484 2633 610 2703 cultus:
626 2632 682 2699 sed
696 2631 751 2720 qui
793 2645 911 2703 vestras
929 2657 938 2698 ι
967 2632 1007 2698 ab
1030 2633 1123 2702 initio
1141 2645 1250 2702 autem
1271 2655 1337 2719 non

209 2717 417 2786 absconditus
437 2733 485 2786 est
512 2721 616 2789 cordis
634 2720 751 2802 homo,
794 2722 922 2790 luitsie.
937 2719 1028 2787 Idid.
1051 2744 1100 2809 ¹9·
1119 2747 1150 2809 7.
1169 2725 1200 2790 8.

210 2805 244 2871 in
270 2807 570 2899 incorruptibilitate
596 2811 696 2917 quieti
721 2822 754 2875 ct
841 2809 937 2892 Quod
952 2816 1027 2899 ergo
1048 2809 1135 2878 Deus
1153 2810 1339 2903 conjunxit,

212 2895 347 2963 modesti
381 2898 526 2988 spiritus,
561 2924 614 2990 qur
646 2913 693 2970 cst
721 2898 754 2970 in
796 2900 894 2966 homo
909 2921 973 2964 non
995 2912 1130 2988 separet
1154 2900 1263 2968 tlara.
1286 2922 1336 2965 ιο.

212 2997 386 3072 conspectu
417 2987 476 3052 Dei
509 2987 661 3079 locuples.
700 2986 756 3054 Sic
797 3013 829 3076 9.
856 2988 1060 3076 Quicumque
1084 2987 1342 3059 dimiserituxo-

213 3071 300 3136 enim
316 3072 485 3160 aliquando
501 3089 533 3142 et
548 3090 664 3146 sanetae
683 3099 756 3142 mu·
797 3100 866 3153 rem
892 3099 1002 3153 suam,
1026 3088 1059 3142 et
1079 3076 1175 3144 aliam
1192 3077 1340 3153 dtuerit,

215 3157 308 3224 lieres
325 3177 486 3250 sperantes
508 3166 541 3230 in
557 3165 625 3232 Deo
639 3215 648 3240 ,
661 3187 757 3231 orna·
799 3164 991 3232 adulterium
1034 3167 1206 3234 committit
1245 3188 1343 3254 super

215 3247 294 3318 bant
306 3271 356 3327 se,
368 3249 518 3338 subjectas
547 3254 754 3343 ropriisviris.
799 3278 882 3322 eam.
899 3279 933 3320 c.
953 3277 1002 3318 ιι.
1017 3253 1105 3320 Item
1115 3255 1263 3330 Luaad.
1286 3256 1337 3318 ιδ.

217 3335 308 3402 Sicut
322 3336 401 3404 Sara
417 3277 585 3408 obedieitat
601 3341 757 3430 Abrahae,
844 3340 887 3410 Iis
909 3354 1038 3419 autem,
1061 3343 1116 3432 qui
1137 3329 1342 3416 matrimonio

217 3423 383 3515 ¹dominum
403 3451 477 3494 eum
499 3454 642 3501 vocans:
667 3431 760 3520 cujus
801 3431 1342 3521 junctisunt‚prmcipio,nonego,

217 3513 761 3601 estisliliaabenelacientes,etnon
802 3519 1346 3605 tedDominuamxorembvironon

219 3603 425 3690 pertimentes
437 3605 534 3690 ullam
552 3609 762 3698 perturbatio-
803 3608 983 3691 discedere:
997 3611 1083 3699 quod
1097 3611 1125 3676 si
1144 3608 1347 3694 discesserit,

220 3711 304 3756 uem.
314 3693 382 3760 Viri
392 3695 535 3764 similiter
544 3697 762 3766 cohabitantes
804 3719 934 3764 manere
943 3697 1128 3787 innuptam,
1144 3711 1199 3764 aut
1207 3699 1276 3765 viro
1288 3719 1347 3764 suo

221 3780 398 3848 secuudum
439 3786 632 3863 scientiam,
674 3785 763 3874 quasi
804 3786 1013 3854 reconciliari.
1034 3811 1062 3855 ι.
1079 3788 1155 3856 Cor.
1172 3813 1204 3875 7.
1223 3812 1273 3856 ro.
1293 3810 1346 3874 ιι.

221 3867 389 3937 infirmiori
422 3874 549 3940 vasculo
582 3874 761 3950 muliebri,
805 3873 917 3942 Mulier
936 3874 1063 3964 alligata
1076 3889 1125 3945 est
1143 3876 1206 3967 legi
1227 3880 1349 3966 quantit

223 3955 439 4050 impartientes
474 3963 653 4042 honorem,
691 3975 764 4028 tan-
804 3964 1179 4052 temp'orevircjusvirit.
1194 3965 1351 4038 Itdetrez

224 4055 320 4136 quam
347 4063 380 4132 et
402 4049 627 4140 coheredibus
656 4050 765 4141 gratiae
805 4053 940 4142 ciperet.
954 4078 988 4120 υ.
1005 4055 1057 4141 59.
1070 4055 1101 4124 V
1101 4053 1156 4144 ide
1167 4057 1346 4142 Rumpe,
