2967 4675
245 425 308 489 aas
488 411 568 481 Pau
657 427 669 441 ²
1056 408 1135 477 ΡΑΤ

243 533 399 600 clemens,
415 525 538 613 patiens
553 535 586 590 ct
600 522 707 588 multae
718 525 781 589 mi·
824 526 1001 612 omnesqui
1017 536 1186 614 expectant
1200 546 1283 591 eum.
1294 524 1363 591 lea.

240 615 425 691 sanationis,
461 637 499 679 ac
529 637 631 678 verax.
666 614 776 679 Exod.
824 615 876 680 50.
902 618 951 679 18.
1046 664 1049 673 .

238 710 289 782 54.
308 706 338 767 6.
360 703 484 767 Videat
494 727 527 768 o.
548 728 578 789 7.
866 704 958 771 Dicit
972 703 1059 768 Deua
1076 727 1083 767 :
1102 703 1202 768 Tacui
1224 726 1366 791 semper,

238 779 248 813 '⁶
278 791 435 857 Dominus
464 792 585 879 patiens
612 803 645 856 et
672 790 780 857 inulta
823 791 913 867 silui,
930 792 1053 879 patiens
1073 790 1136 867 fui,
1159 792 1242 857 sicut
1257 803 1367 879 partu-

235 880 460 945 miscricordiae
474 931 483 958 ‚
499 881 645 945 auferens
663 881 780 969 iniqui·
823 880 906 945 riens
922 878 1044 968 loquar.
1060 879 1079 944 I
1083 880 1149 945 bid.
1170 883 1223 959 49.
1249 884 1297 959 94.

233 981 331 1033 tatem
361 982 395 1033 et
418 968 561 1045 scelera,
592 968 780 1057 nullumque
867 970 906 1034 Et
921 969 1055 1035 scindite
1074 969 1172 1037 corda
1195 982 1316 1045 vestra,
1335 978 1367 1033 et

234 1056 400 1123 innoxium
412 1057 653 1145 derelinquens,
670 1059 725 1145 qui
737 1058 781 1123 vi·
823 1080 886 1123 nou
903 1058 1091 1124 vestimenta
1107 1070 1231 1133 vestra,
1248 1070 1280 1124 et
1295 1080 1367 1123 con-

232 1148 307 1211 sitas
324 1159 457 1235 peccata
476 1160 604 1235 patrum
624 1148 657 1212 in
676 1146 778 1223 filios,
823 1147 979 1212 vertimini
1000 1147 1042 1211 ad
1068 1147 1243 1212 Dominum
1266 1146 1368 1212 Deum

232 1236 266 1299 in
288 1236 415 1301 tertiam
431 1248 463 1300 et
484 1247 632 1324 quartam
650 1260 780 1325 genera·
822 1247 980 1310 vestrum3
999 1236 1073 1324 quia
1088 1236 1245 1323 benignus
1256 1248 1288 1300 et
1306 1234 1367 1299 mi-

231 1324 363 1391 tionem.
382 1324 482 1390 Num.
507 1328 545 1404 ι4
566 1329 615 1390 18.
822 1325 956 1390 sericors
979 1337 1045 1402 est,
1065 1324 1189 1412 patiens
1206 1334 1239 1389 et
1261 1322 1366 1389 multae

278 1416 363 1482 Deus
383 1412 481 1501 judex
495 1414 618 1501 justus,
635 1414 725 1479 fortis
748 1425 780 1478 et
822 1413 1066 1487 misericordiae,
1080 1413 1365 1502 etpraestabilissu-

235 1505 374 1592 patiens,
391 1503 549 1589 numquid
565 1504 711 1569 irascitur
721 1527 780 1591 per
821 1526 880 1589 per
902 1502 1032 1567 malitia.
1051 1502 1135 1569 loct.
1157 1525 1186 1567 9.
1211 1504 1260 1567 13.
1282 1503 1368 1568 Vide

235 1590 570 1659 sinvulosdiesil’sat.
587 1618 617 1679 7.
638 1615 687 1657 19.
821 1590 924 1661 Meet.
946 1617 975 1679 7.
1000 1594 1049 1657 18.
1072 1616 1121 1679 ¹9·

280 1646 438 1761 Deonitm
453 1693 489 1747 tu
504 1732 513 1757 ,
529 1682 687 1758 Domine,
705 1704 779 1755 sua·
864 1681 1016 1746 lonasio
1027 1680 1279 1771 afflictionem&
1292 1702 1361 1745 oro-

234 1772 280 1835 vis
298 1782 330 1834 et
344 1770 429 1834 mitis
446 1821 454 1846 ‚
472 1782 505 1835 et
527 1769 635 1835 multae
649 1770 780 1836 miseri·
811 1770 872 1853 luit
891 1770 1095 1847 Dominum,
1124 1769 1235 1833 dicem
1258 1792 1267 1833 ε
1297 1768 1367 1834 Scio

232 1859 348 1924 cordiae
379 1857 527 1924 omnibus
556 1859 779 1927 invocantibus
822 1859 928 1936 enim,
950 1858 1024 1944 quia
1048 1870 1083 1922 tu
1099 1857 1184 1923 Deus
1206 1856 1363 1931 clemens,

232 1958 274 2012 te.
293 1948 382 2030 Psoi.
399 1950 451 2012 85.
471 1952 502 2026 4.
822 1959 854 2011 et
880 1946 1059 2013 misericors
1086 1970 1145 2022 es,
1187 1947 1312 2034 patiens
1336 1958 1364 2011 et

243 2094 246 2101 .
276 2037 317 2099 Et
348 2049 403 2112 tu,
428 2033 589 2111 Doniine,
613 2036 699 2101 Deus
721 2036 780 2101 mi·
822 2034 929 2103 muttae
952 2034 1185 2111 miserationis,
1206 2047 1238 2100 et
1261 2035 1362 2124 ignos-

231 2136 353 2189 serator
368 2138 401 2189 et
416 2124 614 2198 misericors,
630 2120 777 2211 patiens,
821 2145 897 2190 cons
912 2148 1007 2211 super
1024 2123 1153 2190 malitia.
1175 2124 1273 2189 lonae
1287 2127 1318 2204 4.
1336 2148 1362 2189 9.

231 2225 264 2278 et
282 2212 390 2279 multa·
409 2212 652 2290 misericordias,
672 2225 706 2277 ct
723 2236 778 2279 ve·
865 2213 1019 2277 Dominus
1039 2214 1162 2301 patiens
1185 2224 1217 2277 et
1234 2236 1362 2300 magnus

230 2325 297 2368 rax.
312 2328 345 2369 o.
366 2306 414 2383 94.
821 2300 1020 2378 fortitudine,
1034 2314 1065 2367 et
1077 2301 1235 2368 mundans
1247 2326 1311 2367 non
1324 2303 1364 2368 ia-

276 2392 443 2457 Miscrator
465 2404 497 2456 et
513 2391 692 2458 misericors
711 2392 779 2456 Do-
815 2391 885 2456 'ciet
907 2392 1122 2458 innocentem.
1150 2391 1305 2457 Dominus
1333 2393 1361 2456 in

231 2482 352 2556 minns;
371 2479 576 2568 longanimis,
593 2492 625 2546 et
640 2478 778 2545 multbm
822 2491 1010 2569 tempestate
1025 2493 1057 2546 et
1070 2481 1197 2545 turbine
1209 2482 1267 2546 viae
1283 2481 1361 2566 ejus,

230 2570 421 2636 misericors.
437 2571 526 2636 Psat.
543 2593 614 2635 roa.
627 2572 659 2635 8.
677 2567 774 2635 Item.
821 2581 853 2634 et
874 2569 998 2636 nebulae
1018 2569 1119 2657 pulvis
1141 2569 1261 2658 pedum
1283 2569 1359 2656 ejus.

232 2660 321 2724 Psat.
343 2662 413 2740 144.
433 2661 465 2724 8.
484 2683 515 2747 9.
820 2657 955 2726 nattam
975 2683 1001 2724 r.
1022 2659 1052 2724 5.
1073 2657 1160 2723 Vide
1179 2674 1208 2723 et
1222 2683 1255 2724 o.
1277 2683 1306 2745 7.

274 2746 424 2815 Attamen
454 2760 605 2837 peccator
638 2770 776 2823 exeo,
863 2745 1008 2812 blisertus
1060 2760 1168 2813 autem
1219 2747 1364 2814 dominus

229 2837 316 2922 quod
339 2838 458 2903 centies
484 2838 561 2902 facit
583 2835 723 2912 malum,
746 2849 778 2901 et
820 2837 900 2900 servi
917 2835 1301 2913 iliius‚dimisitenm,et
1316 2837 1364 2902 de-

228 2945 287 3011 ner
331 2927 518 3014 patientiam
568 2930 773 2992 sustentatur.
819 2923 920 2990 bitum
939 2926 1058 2990 dimisit
1069 2925 1234 2993 eiMattb.
1253 2929 1357 3012 18.·27.

229 3003 350 3080 ants.
371 3018 401 3080 8.
422 3037 525 3106 aa„
639 3066 643 3080 .
674 3077 678 3083 ,
863 3014 948 3080 Deus
972 3027 1078 3079 autem
1100 3015 1278 3080 nonfaciet
1298 3016 1364 3080 vin·
1430 3055 1431 3058 =

272 3103 337 3169 Sed
352 3103 512 3169 misereris
526 3103 669 3168 omnium
689 3103 778 3190 (Do
820 3100 938 3168 dictam
950 3105 1128 3169 electorum
1140 3127 1290 3178 suorum,
1306 3103 1364 3170 cla·
1430 3115 1431 3156 t

227 3193 361 3280 mine),
385 3193 459 3281 qnia
482 3193 589 3256 omnia
608 3205 717 3280 potes,
745 3204 777 3256 et
820 3193 977 3257 montium
1000 3192 1095 3258 adse
1120 3191 1171 3257 die
1191 3217 1230 3258 ac
1246 3204 1361 3261 nocte,
1430 3179 1431 3202 ¹

228 3259 406 3346 dissimulas
443 3294 575 3369 peccata
608 3281 776 3346 bominum
819 3291 851 3344 et
870 3281 1057 3369 patientiam
1081 3281 1213 3347 babebit
1231 3280 1262 3344 in
1281 3278 1363 3344 illis?

226 3371 772 3458 propterpoenitentiam.Sap.11.
819 3368 897 3436 Luc.
919 3372 967 3436 18.
989 3395 1018 3456 7.
1333 3416 1336 3424 ·
1430 3429 1431 3436 ,

228 3461 279 3538 94.
300 3459 478 3526 Videas.
499 3455 560 3545 97.
863 3458 914 3524 An
952 3457 1077 3524 divitias
1109 3459 1260 3526 bonitatis
1297 3460 1363 3548 ejus
1430 3451 1431 3522 ἒ

270 3547 319 3610 Τιι
333 3560 453 3622 autam.
467 3549 553 3614 Deus
564 3561 692 3623 nostor,
706 3571 777 3612 sua·
822 3547 925 3636 (Dei)
940 3603 949 3624 ,
964 3561 996 3614 et
1011 3549 1188 3636 patientiae,
1206 3561 1239 3614 at
1254 3547 1364 3638 longa-

225 3635 271 3700 vis
287 3649 319 3700 et
341 3660 435 3702 verus
457 3636 670 3723 es,patieus,
687 3648 719 3702 et
742 3636 775 3702 in
818 3637 971 3704 nimitatis
994 3639 1197 3704 contemnis?
1220 3638 1361 3726 ignoras.

224 3724 440 3790 misericordia
459 3726 630 3813 disponens
653 3726 770 3791 omnia.
817 3727 968 3814 quoniam
984 3727 1161 3816 benignitas
1177 3727 1236 3793 Dei
1249 3727 1291 3792 ad
1303 3749 1363 3816 po-

223 3813 314 3879 Ibid.
339 3818 387 3881 15.
414 3837 439 3878 ι.
461 3815 638 3879 Vidrcto.
660 3838 689 3880 9.
817 3816 984 3881 nitentiam
1014 3827 1046 3881 te
1074 3814 1239 3882 adducit?
1270 3817 1360 3883 Rom.

244 3904 771 3992 ,ProptereaexpectatDominus
819 3927 848 3969 9.
865 3907 896 3982 4.
1300 3959 1304 3972 .

226 4006 261 4057 ut
281 3993 471 4060 miserentur
494 4002 590 4056 rostri
612 4017 620 4057 ε
646 4005 677 4059 ot
700 3995 773 4060 ideo
863 3992 959 4081 Quod
982 3993 1007 4058 si
1036 3995 1120 4060 Deus
1138 3993 1248 4060 volens
1263 4007 1364 4060 oston-

223 4081 413 4149 exaltabitur
424 4105 560 4168 parcens
571 4082 661 4148 vobis
675 4107 683 4148 ε
698 4085 772 4171 quia
815 4081 892 4146 dere
907 4082 1007 4158 iram,
1021 4095 1053 4147 et
1069 4095 1176 4148 notam
1193 4083 1300 4148 iacere
1313 4105 1361 4172 pu·

222 4169 306 4238 Deus
336 4171 448 4260 judicii
471 4171 626 4242 Dominus
651 4197 659 4237 ε
685 4172 774 4238 beati
817 4171 949 4236 tentiam
987 4195 1104 4250 suam,
1142 4173 1292 4240 sustinuit
1329 4171 1359 4234 in
