2967 4675
222 312 286 390 564
462 309 541 376 ΒΑΝ
936 330 940 340 ·
1036 308 1115 376 SAN

223 424 297 511 quia
323 445 381 510 ego
408 443 479 486 sum
502 421 658 486 Dominus
678 421 764 486 Deus
805 416 905 483 beatis
927 441 1062 505 corpora
1081 431 1188 484 vestra
1210 420 1344 486 bostiam

223 523 336 578 vester.
355 508 444 574 lota.
464 532 513 574 so.
533 535 562 596 7.
575 509 669 574 Eritis
685 509 763 574 mihi
804 507 987 593 viventem,
1009 519 1174 582 sanctam,
1199 508 1263 574 Deo
1294 508 1346 574 la-

227 599 345 674 sancti,
368 598 439 684 quia
459 610 587 663 sanctus
611 622 682 664 sum
702 621 763 688 ego
804 607 951 671 centem,
969 595 1133 661 credatu.
1151 621 1200 662 11.
1220 622 1246 662 ι.
1291 599 1348 662 iao

189 697 191 702 ’
224 686 397 760 Dominus,
428 699 460 750 et
492 688 634 777 separavi
659 711 715 754 vos
743 695 762 752 a
804 683 951 772 Philipp.
970 688 1002 764 4.
1023 687 1071 750 18.

221 776 344 842 caeteris
359 774 496 864 populis,
515 789 548 840 ut
563 777 672 842 essetis
684 778 758 841 mei.
861 773 950 838 Deus
986 772 1083 862 elegit
1119 798 1177 839 nos
1212 775 1243 839 in
1279 776 1353 863 ipso

220 890 253 930 u.
276 865 327 928 26.
807 861 980 949 (Christo)
1002 869 1077 927 ante
1094 862 1207 928 mundi
1225 865 1349 928 consti-

263 952 372 1018 Snneti
393 966 487 1018 erunt
503 954 571 1020 Deo
594 978 652 1019 sno
678 956 763 1040 (Sa.
805 951 977 1025 tutionem,
996 964 1032 1015 ut
1045 975 1187 1017 essemus
1199 951 1302 1017 sancti
1315 966 1351 1018 et

220 1042 404 1128 cordatos),
421 1054 453 1106 et
465 1066 530 1108 non
546 1041 688 1131 polluent
700 1067 761 1108 no·
803 1039 999 1105 immaculati
1022 1042 1055 1105 in
1079 1054 1255 1128 conspectu
1277 1042 1353 1128 ejus

220 1153 295 1194 men
307 1130 376 1218 ejus
399 1155 407 1194 ε
424 1131 589 1196 incensum
602 1132 687 1198 anim
700 1133 765 1223 Doj
803 1128 835 1192 in
852 1128 994 1193 caritate.
1013 1128 1131 1217 Epiros.
1157 1154 1183 1193 1.
1206 1132 1239 1209 4.
1260 1129 1353 1195 Vide

218 1219 313 1295 mini,
326 1232 358 1284 et
370 1243 467 1308 panes
476 1221 532 1286 Dei
542 1221 589 1286 sui
599 1220 760 1298 offerunt,
803 1241 830 1280 c.
850 1218 880 1282 5.
900 1218 930 1280 5.
955 1221 987 1296 4.
1054 1241 1062 1259 ·

219 1307 339 1375 ntideo
356 1310 458 1374 sancti
472 1323 577 1375 erunt.
595 1311 614 1376 1
619 1310 684 1376 bid.
706 1335 757 1375 nr.
847 1305 934 1382 Viri,
951 1306 1072 1394 diligite
1081 1330 1195 1372 uxores
1207 1320 1349 1383 vestras,

219 1399 251 1462 6.
269 1397 337 1463 Sint
349 1405 425 1487 ergo
436 1399 558 1474 sancti,
573 1400 646 1487 quia
659 1413 690 1466 et
702 1424 762 1488 ego
803 1394 885 1459 sicut
900 1407 932 1458 et
949 1396 1094 1460 Christus
1109 1395 1219 1460 ditexit
1237 1395 1350 1462 Eccle-

221 1499 348 1552 sanctus
377 1511 465 1563 sum,
496 1489 673 1566 Dominus,
706 1489 760 1578 qui
803 1483 1349 1574 siantsuam,eiseipsumtradidii

219 1576 383 1642 sanctifico
395 1599 458 1642 eos.
478 1601 510 1641 v.
528 1575 557 1642 8.
803 1595 861 1659 pro
875 1578 932 1648 ea,
950 1586 985 1638 ut
1003 1572 1090 1638 iliam
1107 1573 1346 1648 sanctificaret,

178 1725 179 1730 ,
263 1663 419 1730 Memores
438 1665 662 1757 (fitiilsrae't)
679 1691 762 1756 prae-
803 1662 961 1726 mundans
981 1662 1093 1750 (eam)
1115 1660 1243 1728 lavacro
1256 1687 1350 1753 aqua

221 1765 389 1840 ceptorum
406 1753 551 1829 Domini,
570 1757 687 1820 saciant
702 1780 760 1832 ea,
804 1751 1350 1840 111611111111111,Πῑθῐὴῑῦθωῑὶρῦθ

222 1841 347 1928 sintque
366 1842 466 1906 sancti
484 1843 551 1907 Deo
567 1869 635 1909 suo.
655 1846 757 1911 Num.
803 1839 862 1904 sibi
878 1839 1046 1928 gloriosam
1062 1840 1259 1914 Ecclesiam,
1281 1865 1346 1906 11011

227 1929 274 1992 15.
295 1933 347 2009 4ο.
803 1929 975 1993 habentem
1000 1928 1178 2003 maculam,
1210 1941 1268 1994 aut
1288 1955 1341 1994 ru—

266 2017 405 2107 Populus
423 2030 550 2083 sanctus
569 2043 602 2085 es
623 2020 761 2086 Domino
802 2040 896 2105 garn,
920 2030 975 2083 aut
995 2017 1114 2105 aliquid
1131 2019 1343 2105 hujusmodi;

220 2106 288 2174 Deo
318 2118 383 2172 tuo.
413 2107 511 2172 Dect.
540 2132 569 2193 7.
596 2110 626 2173 6.
659 2103 756 2175 Item.
803 2106 858 2170 sed
882 2118 917 2170 ut
939 2109 978 2172 sit
1000 2118 1109 2172 sancta
1131 2119 1163 2172 ct
1185 2107 1348 2174 immacu-

217 2219 244 2260 c.
266 2200 315 2276 14.
332 2217 362 2260 ιι.
802 2195 875 2260 lata.
894 2195 982 2261 ltid.
1005 2197 1034 2260 5.
1056 2197 1107 2260 15.
1125 2212 1230 2282 etseq.

265 2287 305 2351 Et
320 2285 476 2351 Dominus
488 2285 584 2375 elegit
596 2299 628 2350 te
640 2286 735 2353 hodie
750 2340 759 2365 ,
848 2285 888 2350 Ut
907 2285 1047 2389 probetis
1062 2286 1204 2374 potiora,
1226 2298 1262 2351 ut
1277 2287 1345 2352 sitis

221 2387 256 2439 ut
286 2376 327 2440 sis
353 2376 382 2440 ei
409 2374 545 2464 populus
569 2376 759 2464 peculiaris,
802 2374 936 2450 sinceri,
953 2374 1192 2441 etsineoffensa
1208 2375 1242 2440 in
1257 2376 1344 2441 diem

221 2464 305 2529 sicut
317 2462 442 2530 locutus
454 2477 501 2531 est
513 2466 591 2543 tibi,
608 2479 640 2531 ot
652 2480 761 2531 custo·
803 2462 933 2528 Christi.
960 2462 1107 2554 Philipp.
1132 2489 1160 2528 1.
1190 2488 1239 2529 ιο.
1260 2464 1350 2529 Vide

221 2552 288 2619 dias
308 2556 412 2620 omnia
429 2568 587 2644 praecepta
603 2554 709 2621 illius:
728 2569 761 2621 et
802 2576 829 2617 c.
844 2576 874 2618 ι.
893 2553 941 2618 15.
958 2552 1045 2618 Item
1061 2577 1086 2617 1.
1110 2551 1219 2618 Thess.
1238 2554 1270 2618 5.
1291 2555 1341 2619 ι5.

219 2642 315 2709 faciat
343 2656 374 2709 te
400 2644 615 2713 excelsiorem.
636 2646 761 2711 cunctis
802 2656 832 2706 et
847 2666 874 2705 e.
895 2643 995 2706 515.

218 2734 365 2821 gentihus
377 2786 385 2812 ‚
399 2758 477 2823 quas
489 2735 628 2810 creavit,
641 2735 674 2800 in
691 2733 761 2799 lan·
846 2731 886 2793 Et
895 2754 950 2795 ros
962 2736 1037 2795 cum
1048 2732 1157 2797 essetis
1172 2731 1346 2819 aliquando

218 2822 310 2899 dem,
338 2835 370 2887 et
401 2848 536 2901 nomen,
568 2836 601 2889 et
625 2822 761 2911 glor-inm
802 2817 953 2895 alienati,
980 2832 1013 2885 et
1042 2820 1162 2885 inimici
1189 2844 1287 2886 sensu
1309 2822 1344 2886 in

148 2942 155 2949 ·
218 2934 308 2977 suam
327 2936 335 2975 ι
355 2924 389 2976 ut
409 2913 450 2977 sis
471 2910 606 3015 populus
629 2926 760 2979 sanctus
802 2910 951 2996 operibus
977 2906 1070 2973 malis
1089 2933 1098 2973 ι
1120 2932 1208 2974 nunc
1234 2922 1345 2975 autem

218 2999 347 3065 Domini
363 3000 420 3064 Dei
441 3012 505 3077 tur,
530 3001 612 3065 sieut
634 3000 760 3067 locutus
805 2998 929 3085 (Deus)
944 2996 1349 3087 reconciliavitincorpore

217 3088 383 3154 esalttd.
408 3090 601 3177 11111119.
801 3086 906 3151 carnis
939 3086 1008 3176 ejus
1049 3086 1244 3172 (Christus)
1284 3110 1346 3173 per

263 3175 379 3241 Utsine
392 3176 522 3254 timore,
539 3177 684 3244 demanu
698 3180 760 3245 ini·
801 3187 957 3251 mortem,
974 3175 1338 3248 exhibererossanctos.

219 3264 377 3331 micorum
399 3279 580 3332 nostrorum
607 3266 757 3344 liberati,
800 3276 831 3329 et
843 3264 1084 3340 immaculatos,
1101 3260 1340 3349 etirrcpreisen·

218 3356 390 3421 serviamus
407 3353 470 3430 illi,
492 3356 523 3421 in
541 3358 709 3423 sanctitate
724 3370 760 3423 et
800 3352 906 3419 sibiles
930 3355 1134 3442 coramipso.
1160 3350 1276 3418 cota.
1308 3376 1337 3415 ι.

218 3442 336 3528 justitia
361 3466 470 3510 coram
492 3446 583 3534 ipso,
605 3448 759 3511 omnibus
803 3466 855 3509 nr.
875 3464 927 3506 ns.

217 3528 465 3599 diebusnostris.
487 3535 561 3599 Luc.
582 3556 611 3599 1.
632 3538 683 3620 74.
702 3538 753 3621 75.
806 3579 814 3593 .
844 3533 921 3597 Haec
934 3544 982 3597 est
997 3532 1084 3597 enim
1099 3530 1247 3597 voluntas
1262 3532 1344 3606 Dei,

264 3621 304 3687 Ut
330 3623 491 3709 quomodo
514 3623 659 3688 Christus
686 3644 759 3687 sur-
800 3620 1009 3689 sanctifieatio
1026 3633 1129 3685 vestra
1154 3645 1163 3683 ι
1188 3632 1223 3684 ut
1246 3619 1348 3687 absti-

215 3710 326 3775 rexita
343 3713 476 3777 mortuis
488 3752 530 3763 --
542 3712 584 3777 ita
604 3724 636 3775 et
648 3734 708 3777 nos
723 3706 757 3776 in
800 3711 900 3775 neatis
915 3734 970 3773 vos
988 3716 1006 3773 n
1029 3708 1260 3785 fornicatione,
1278 3720 1339 3775 etc

215 3800 648 3869 novitatevitaeambuicmus.
659 3802 752 3867 Rom.
804 3822 830 3864 1.
852 3798 957 3865 Thess.
973 3801 1005 3878 4.
1020 3800 1049 3863 5.
1070 3798 1345 3883 Videv.7.1um

216 3893 246 3955 6.
267 3895 297 3971 4.
320 3890 450 3959 Video.
476 3893 641 3978 151114.
799 3888 893 3955 Rom.
909 3890 940 3957 6.
965 3911 1013 3955 ra.
1039 3888 1088 3953 15.
1109 3912 1137 3953 o.
1156 3889 1189 3952 8.
1215 3912 1264 3953 11.
1292 3887 1342 3953 15.

260 3982 517 4069 Obsecroitaque
530 4002 603 4057 voa,
616 3980 756 4055 fratres,
801 4002 829 4043 n.
852 3978 972 4043 Colone.
992 3978 1022 4041 5.
1048 4000 1095 4042 11.

213 4092 273 4155 per
282 4070 531 4139 misericodiam
541 4069 757 4147 Dei,utexhi-
843 4062 955 4155 Et'ipsi
962 4066 1092 4133 inomni
1101 4067 1340 4131 conversations
