2967 4675
268 263 332 346 370
510 255 589 324 sin
1078 255 1158 322 son

270 371 371 438 salvos
385 369 498 436 seciam
522 367 642 454 aliquos
666 387 705 430 ex
732 364 803 430 illia.
849 377 940 429 ector
954 387 1049 454 piper
1062 388 1118 433 eos
1128 388 1248 432 nomen
1261 385 1380 438 meam,

268 463 361 527 Rom.
385 479 434 522 ιι.
458 460 506 536 ι4.
849 453 977 519 nomina
997 447 1124 542 quodue
1145 468 1272 543 patrum
1291 475 1379 518 meo-

311 549 351 610 Et
373 547 474 612 fectus
493 567 564 610 sum
588 541 705 608 Judaeis
734 556 807 608 tan·
848 565 938 618 rum,
965 543 1145 621 Abraham,
1169 556 1202 608 et
1225 543 1325 618 isaac,
1346 553 1382 605 et

268 658 363 722 quam
381 633 529 708 Jndaeue,
553 644 589 696 ut
604 631 731 696 Judaeos
754 630 806 695 ia·
846 644 993 697 crescant
1014 633 1046 697 in
1068 631 1305 697 multitudinem
1325 653 1381 695 su-

267 746 384 790 crarer.
405 723 465 808 lia,
483 722 537 810 qui
553 721 611 788 sub
625 720 693 808 lege
709 732 803 794 sant,
846 742 904 806 per
918 733 1047 786 terram.
1065 720 1155 786 loia.
1171 724 1225 802 48.
1245 722 1293 786 ι6.

266 813 354 900 quasi
385 813 443 876 suh
474 809 543 899 iege
573 831 674 874 essem
702 809 805 894 (ciam
888 808 989 874 Dixit
1021 810 1147 899 Moym
1178 810 1226 874 ad
1255 809 1378 877 Deam:

263 903 331 989 ipse
349 923 414 965 non
437 922 537 966 essem
560 896 617 963 sub
639 896 747 985 lege),
769 910 803 962 ot
845 895 1027 963 Recordare
1058 897 1242 974 Abraham,
1277 898 1378 969 isaac,

263 1013 336 1064 eos,
353 990 408 1077 qui
423 988 482 1054 sub
499 986 568 1077 lege
583 998 693 1060 erant,
710 983 803 1064 bacri-
844 997 877 1049 et
895 985 1012 1060 israel,
1043 1010 1206 1052 servorum
1232 999 1375 1056 tuorum,

263 1081 400 1143 iacerem
428 1101 435 1142 :
465 1077 520 1152 iis,
554 1076 609 1162 qui
640 1076 709 1160 eine
733 1073 803 1162 lege
844 1074 959 1160 quibus
974 1075 1085 1162 jurasti
1097 1076 1375 1164 pertemetipsum,

210 1227 213 1234 ,
262 1179 373 1241 erant,
398 1172 549 1253 tanquam
573 1164 640 1228 sine
662 1161 730 1249 lego
749 1186 802 1227 ea-
844 1161 952 1228 dicens
978 1187 987 1227 ι
1019 1163 1238 1252 Multiplicabo
1274 1184 1374 1228 semen

261 1279 327 1323 acm
354 1257 454 1340 (cum
474 1254 541 1318 sine
562 1250 631 1340 lege
654 1253 711 1316 Dei
735 1274 800 1316 non
842 1263 981 1316 vestrum
1005 1253 1087 1318 sicut
1108 1252 1215 1319 stellas
1236 1251 1328 1318 coeli:
1344 1262 1374 1314 et

261 1367 381 1410 essem:
400 1343 456 1407 sed
468 1343 500 1406 in
513 1340 582 1429 lege
593 1360 694 1406 essem
708 1339 799 1404 Chri·
842 1341 1020 1406 universam
1051 1354 1168 1406 terrem
1201 1341 1304 1417 hanc,
1335 1339 1372 1402 de

260 1434 342 1519 sti),
359 1443 395 1496 ut
410 1430 631 1498 lucrifacerem
652 1452 723 1505 cos,
744 1427 799 1516 qai
842 1436 903 1515 qut
920 1427 1044 1494 locutus
1059 1453 1149 1506 sum,
1167 1429 1254 1494 dabo
1267 1427 1371 1496 semini

260 1518 407 1609 sinelege
424 1531 525 1585 erant.
551 1542 576 1584 ι.
594 1517 671 1583 Cor.
695 1542 725 1606 9.
743 1540 794 1583 ao.
839 1529 966 1593 vestro,
1002 1530 1036 1582 et
1064 1518 1267 1606 possidebitis
1305 1540 1370 1582 eam

261 1633 312 1674 ar.
330 1605 459 1674 Video.
477 1630 527 1672 aa.
839 1629 975 1695 semper.
990 1607 1100 1672 Eaeod.
1116 1609 1169 1672 δι.
1190 1609 1238 1672 15.

305 1695 374 1763 Noti
391 1695 551 1785 negligere
563 1695 797 1784 gratiam,quae
882 1694 1011 1760 larem
1032 1694 1122 1760 ‹tiaeia
1139 1696 1287 1785 iloym:
1314 1695 1370 1761 lte
1427 1716 1428 1723 ¹

256 1797 304 1850 est
319 1786 351 1848 in
364 1796 413 1860 te,
427 1808 497 1874 quoe
515 1784 588 1847 data
601 1795 648 1848 est
664 1783 722 1847 tibi
739 1805 798 1871 per
840 1783 975 1848 cordare
991 1807 1158 1849 servorum
1173 1785 1370 1850 tuoromAb-

256 1871 478 1960 prophetiam,
502 1894 577 1936 cum
593 1871 796 1960 impositione
838 1872 970 1949 raham,
993 1872 1101 1951 isaac,
1127 1886 1160 1938 et
1182 1874 1286 1938 Jacob
1307 1896 1370 1937 :ae

255 1983 407 2025 manuum
428 1959 627 2048 presbyterii.
652 1982 678 2023 1.
705 1959 792 2025 Tim.
838 1961 971 2048 aspicias
983 1961 1134 2026 duritiam
1145 1963 1256 2050 popuii
1269 1962 1368 2051 hujus,

254 2052 285 2128 4.
307 2052 354 2127 ι4.
837 2049 1367 2139 etimpietatematqocpeccotom.

298 2137 424 2200 Fratres
445 2135 527 2210 mei,
546 2134 656 2222 siquis
680 2156 718 2198 ex
738 2157 796 2199 vo·
837 2137 932 2203 Dect.
947 2162 979 2226 9.
1000 2162 1051 2225 a7.

254 2225 303 2289 tis
316 2225 467 2290 erraverit
479 2230 497 2288 a
511 2223 641 2288 veritate
653 2274 662 2300 ,
676 2234 707 2287 et
719 2246 796 2288 con·
882 2226 1028 2315 Giamque
1038 2227 1115 2314 ,jam
1141 2240 1269 2317 tempor
1294 2241 1369 2294 esset

254 2314 385 2381 verterit
396 2314 465 2401 quis
478 2336 569 2377 eom:
584 2312 666 2377 scire
679 2311 793 2387 debet,
837 2326 873 2380 ut
888 2315 1056 2382 offerretur
1067 2314 1306 2395 holocaustum,
1322 2342 1370 2383 rc·

255 2405 421 2492 quoniam,
441 2403 494 2492 qui
520 2402 659 2467 converti
682 2401 795 2467 fecerit
837 2404 954 2469 cedens
965 2405 1050 2471 Elias
1064 2405 1220 2559 propheta
1233 2408 1296 2473 ait:
1314 2410 1370 2474 Do

253 2505 455 2582 peccatorem
469 2492 509 2557 ab
522 2512 630 2556 errore
644 2490 703 2555 viae
715 2514 792 2566 suae,
836 2494 923 2558 mine
937 2495 1022 2559 Deus
1038 2494 1065 2559 A
1090 2518 1123 2559 ra
1149 2519 1216 2573 am,
1228 2509 1262 2561 et
1273 2498 1368 2571 leaeo,

219 2652 223 2659 ,
253 2582 385 2649 salvabit
404 2583 543 2647 animam
561 2581 659 2669 ejuot
675 2593 789 2659 arorte.
834 2593 868 2645 et
884 2580 1001 2657 israel,
1020 2584 1152 2649 ostende
1168 2584 1284 2662 hodie,
1300 2586 1367 2674 qaia

252 2671 366 2737 lacot.
387 2674 416 2737 5.
437 2695 485 2759 ¹9·
504 2692 555 2735 ao.
835 2682 869 2733 tu
883 2694 916 2735 ea
931 2672 1017 2736 Deus
1034 2671 1150 2748 iarael,
1175 2685 1208 2737 et
1231 2698 1292 2763 ogo
1307 2698 1366 2739 ser-

270 2805 316 2870 In
353 2806 554 2870 Sanctorum
595 2802 792 2867 moratoriam
834 2782 891 2823 ω’
910 2771 1053 2865 *mutet
1070 2762 1158 2866 Ῐωξια
1178 2778 1366 2918 Pfaeoeffiffl

833 2858 925 2912 taum
952 2850 1013 2914 feci
1039 2874 1145 2915 omma
1165 2852 1264 2917 verba
1357 2902 1365 2927 ,

312 2894 418 2959 Deam
445 2914 558 2963 orare,
588 2892 703 2955 docent
733 2912 793 2955 not
832 2948 894 3002 etc·
911 2938 941 3002 ὃ.
961 2938 1039 3029 ΗΘΚ.
1063 2940 1112 3004 ¹3·
1130 2939 1182 3004 56·

314 2984 484 3067 majmm
501 2979 661 3067 mmm·
876 3025 1012 3090 Domine
1031 3027 1117 3092 Deus
1142 3027 1320 3105 Abraham,
1335 3040 1366 3092 ct

291 3114 440 3203 Dixitque
456 3110 790 3202 Jacob:Deuspatris
833 3113 939 3189 Isaac,
971 3126 1003 3179 et
1025 3115 1141 3192 lsrael,
1162 3129 1282 3203 petrum
1304 3138 1364 3178 no-

246 3204 309 3277 mei
327 3201 510 3276 Abraham,
529 3213 561 3265 et
584 3201 669 3267 Deus
713 3203 789 3267 atria
832 3214 990 3280 atrorum,
1015 3205 1139 3270 custodi
1157 3205 1188 3269 ia
1208 3215 1359 3267 aeternum

246 3293 308 3359 mei
327 3292 434 3357 isaac:
449 3289 598 3367 Domine,
612 3290 666 3383 qui
682 3225 791 3373 ‹iiadsti
831 3289 935 3369 hanc.
949 3289 1147 3359 voluntatem
1174 3290 1275 3359 cordis
1304 3313 1359 3354 eo-

245 3380 325 3446 mihi
352 3405 360 3446 :
400 3379 571 3461 Revertere
604 3380 636 3445 in
667 3391 787 3445 terram
830 3403 923 3455 rum,
941 3392 972 3445 at
996 3406 1123 3472 semper
1141 3384 1175 3449 in
1195 3379 1361 3446 veneratio

245 3480 353 3545 tuam,
378 3481 411 3534 et
435 3465 593 3534 inlocum
617 3466 787 3533 nativitatis
829 3490 903 3533 nem
920 3470 965 3535 toi
980 3492 1070 3537 meas
1091 3471 1150 3537 ista
1263 3482 1359 3535 areat.

244 3568 324 3633 tue,
348 3570 381 3623 et
394 3556 595 3623 benefaciam
611 3555 680 3621 tihi.
702 3556 781 3621 Gan.
832 3581 859 3621 1.
876 3558 955 3623 Par.
970 3581 1021 3647 ²9·
1041 3563 1089 3625 ι8.
1106 3560 1138 3623 V
1140 3562 1154 3624 i
1206 3582 1237 3625 ι.
1252 3559 1358 3626 Par-at

245 3645 298 3711 δι.
319 3669 349 3733 9.
828 3646 858 3709 6.
878 3648 931 3725 4ι.
950 3648 1037 3713 Item
1052 3648 1141 3716 Prae.
1163 3650 1239 3714 151.
1266 3672 1292 3713 ι.
1315 3672 1356 3711 ιο.

288 3732 445 3825 Angelus,
482 3733 514 3797 ui
527 3731 609 3798 eruit
620 3755 672 3796 me
688 3732 785 3818 (dicit
869 3734 1010 3824 Baptae
1023 3739 1172 3802 amicam
1191 3761 1288 3802 soom
1304 3734 1360 3802 ot

239 3819 345 3891 Jacob
378 3757 567 3889 baneriiaent
601 3819 684 3908 fitita
716 3823 784 3887 suia
824 3823 1019 3901 admonuit,
1050 3826 1163 3891 diam
1190 3850 1203 3891 .·
1236 3825 1285 3892 Ad
1307 3822 1359 3889 iii-

225 3914 443 3995 ,moritortoei
469 3910 509 3977 dc
528 3909 652 3979 cunctis
671 3908 781 3986 malis,
822 3933 918 4063 poem
946 3912 1140 4001 Sanctorum
1168 3928 1352 3981 convertere

239 4000 607 4091 benedicatpnerisistis
623 4013 677 4066 :et
694 3999 782 4065 into·
848 3997 887 4063 ob
904 4002 933 4064 5.
958 4025 971 4065 ι
