2967 4675
327 344 421 424 nno
901 343 980 415 nes
1100 297 1106 302 ⁴
1161 351 1221 450 ss,

97 453 190 548 herba
211 459 448 546 germinabunt.
469 457 560 524 lttrt.
580 459 632 522 ot.
680 457 826 525 uoluntas
842 460 945 526 Petris
958 463 1044 535 mei,
1066 461 1122 548 qui
1139 462 1226 526 misit

100 548 143 625 ι4.
681 569 734 612 me
756 572 764 612 ε
787 561 821 614 ut
845 549 969 626 omnis,
988 549 1042 638 qui
1065 547 1150 614 ridet
1168 549 1226 616 Fi-

155 635 256 700 Vidit
290 635 455 724 Propheta
482 657 638 724 eampum
681 635 779 711 lium,
793 651 825 703 et
837 637 1092 715 creditineum,
1107 637 1225 703 hubent

93 725 226 811 pienum
242 725 377 791 ossibus.
399 724 516 791 Ezech.
534 725 587 811 57.
607 747 634 789 ι.
683 726 779 791 vitem
793 739 966 803 eternam,
988 740 1022 792 et
1040 751 1099 816 ego
1118 751 1226 793 resus-

96 829 201 899 etseq.
227 815 269 878 Et
286 826 488 880 accesserunt
505 837 575 880 osso
597 811 638 877 nd
681 815 788 882 citabo
810 840 885 882 eum
909 817 942 881 in
964 816 1137 882 novissimo
1158 817 1220 882 die.

96 925 180 980 osso,
207 903 461 991 unumquodque
480 901 522 967 ed
546 903 636 990 junc-
680 903 771 970 Ibid.
801 906 832 971 6.
861 908 915 983 4ο.
944 905 1030 970 Vide
1054 921 1085 971 et
1108 930 1142 972 v.
1167 908 1222 985 44.

96 1002 196 1056 turum
218 1015 320 1057 sunm.
348 993 388 1057 Et
404 992 490 1069 vidi,
510 1004 542 1056 et
560 995 637 1058 ecce
681 1008 711 1058 et
726 995 778 1059 55.

95 1104 185 1168 super
196 1105 236 1146 eu
254 1081 342 1148 nervi
357 1094 388 1147 et
404 1105 516 1148 carnes
528 1102 637 1147 escen-
724 1083 817 1148 Dicit
835 1081 931 1148 lesus
952 1083 998 1148 ad
1024 1081 1223 1150 Martinam:

96 1167 230 1247 derunt,
259 1181 291 1234 et
315 1182 441 1235 extenta
465 1182 512 1237 est
537 1171 571 1236 in
591 1170 636 1236 eis
681 1171 838 1260 Resurget
863 1172 962 1237 freter
982 1184 1068 1236 tuus.
1091 1171 1175 1237 Dicit
1195 1171 1225 1238 ei

95 1260 169 1323 eutis
181 1259 332 1348 desuper.
353 1283 386 1325 v.
412 1285 444 1347 7.
464 1260 503 1324 Et
519 1260 637 1347 ingres·
682 1261 827 1326 Martha:
845 1259 940 1338 Scio,
952 1260 1027 1347 quis
1039 1272 1182 1347 resurget
1195 1261 1227 1323 iu

96 1371 143 1412 sus
165 1360 216 1414 est
239 1347 271 1413 in
294 1355 331 1412 et
356 1349 485 1439 spiritus
501 1359 534 1413 et
549 1349 638 1414 vixo-
682 1349 917 1414 resurrectione
932 1349 1149 1414 innovissimo
1162 1347 1224 1413 die.

94 1449 186 1506 runt:
201 1448 426 1526 steteruntque
436 1459 533 1524 super
541 1434 639 1526 pedes
682 1437 702 1504 1
706 1436 773 1503 tid.
795 1460 844 1502 ιι.
861 1439 913 1503 95.
931 1440 982 1517 94.
1000 1436 1086 1503 Vide
1097 1451 1128 1502 et
1141 1460 1225 1504 cers.

95 1549 162 1591 snos
194 1527 356 1592 exereitus
387 1527 516 1614 grandis
546 1523 639 1590 nimis
686 1528 737 1591 95.

95 1613 193 1688 vaide.
213 1639 248 1680 v.
277 1638 326 1680 ιο.
727 1614 847 1702 Inquit
869 1615 996 1681 Pacius
1016 1639 1027 1680 :
1049 1614 1147 1703 Spem
1168 1614 1229 1679 hn-

134 1701 640 1790 Etmultidehis‚quidormiunt
683 1706 764 1770 bens
791 1704 824 1768 in
849 1705 979 1781 Deum,
1010 1727 1108 1792 quam
1135 1714 1167 1769 et
1193 1702 1226 1767 hi

96 1791 233 1858 interrae
247 1791 400 1896 pulvere,
417 1789 612 1880 evigilabunt
629 1814 638 1856 t
683 1794 742 1882 ipsi
755 1804 941 1883 expectant,
959 1793 1225 1859 resurrectionem

94 1879 143 1946 elii
166 1883 202 1946 in
226 1893 324 1946 vrtnm
341 1892 511 1966 eternam,
536 1877 639 1946 etalii
683 1884 827 1948 suturam
844 1883 1009 1971 ,justorum
1038 1895 1072 1948 et
1100 1881 1145 1946 ini
1168 1905 1227 1946 uo-

94 1969 122 2036 in
161 1968 403 2056 opprobrium,
440 1981 475 2034 ut
514 1969 640 2034 videant
684 1995 766 2038 rum.
793 1973 907 2038 Actor.
934 1975 985 2052 94.
1015 1972 1064 2036 ι5.
1090 1971 1122 2034 V
1124 1972 1137 2036 i
1197 1985 1228 2036 ct

95 2080 236 2146 semper.
255 2057 345 2124 Dan.
365 2081 414 2123 ι9.
432 2079 460 2123 9.
682 2085 716 2126 u.
739 2082 791 2125 9ι.
809 2057 896 2127 Item
912 2085 940 2127 c.
965 2085 1013 2147 ¹7·
1037 2062 1090 2126 59.

134 2147 176 2213 ln
190 2145 425 2214 resurrectione
437 2145 523 2212 enim
537 2169 640 2236 neque
728 2147 764 2217 si
781 2160 888 2214 nutem
910 2150 1056 2216 Christus
1075 2146 1226 2238 predicu-

55 2287 56 2304 .
99 2237 242 2324 nubent,
259 2259 363 2323 neque
378 2236 563 2302 nubentur:
584 2235 641 2302 sed
684 2250 756 2315 tur,
786 2237 871 2325 quod
898 2239 1070 2305 resurrexit
1096 2246 1115 2302 tr
1144 2260 1227 2302 mor-

99 2336 188 2393 erunt
203 2325 287 2391 sicut
303 2323 416 2414 Angeli
428 2325 487 2391 Dei
498 2325 531 2391 in
544 2323 636 2393 ereio.
684 2327 767 2406 tuis,
788 2325 950 2432 quomodo
965 2327 1099 2416 quidem
1114 2325 1227 2405 dicum

99 2412 140 2481 De
161 2415 398 2482 resurrectione
424 2426 531 2481 nutem
558 2438 641 2483 uror·
685 2418 717 2482 in
733 2417 842 2493 vobis,
867 2418 1020 2505 quonitrnr
1034 2416 1228 2492 resurrectio

100 2502 641 2593 tuorumnoniegistisquoddictum
685 2517 888 2571 mortuorum
915 2527 980 2570 non
1002 2503 1074 2569 esti’
1102 2527 1113 2567 ι
1147 2502 1225 2569 Cor.

101 2600 173 2659 esti
192 2594 265 2659 Deo
283 2593 410 2661 dicente
434 2592 549 2659 vohis:
575 2594 642 2681 Ego
690 2596 739 2661 ι5.
769 2617 818 2659 ι9.
842 2592 930 2657 Vide
950 2607 1055 2659 totum
1074 2604 1173 2678 caput
1191 2590 1232 2654 de

102 2704 164 2747 sum
180 2684 272 2749 Deus
296 2682 478 2759 Abrohom,
502 2694 534 2745 et
556 2682 643 2747 Deus
685 2682 748 2748 tute
764 2683 946 2747 materiae
985 2680 1228 2770 egictmetarss,

104 2768 208 2848 lsrsc,
236 2782 269 2837 et
291 2771 378 2839 Deus
408 2770 538 2837 Jacob?
573 2770 642 2844 Nou
731 2770 767 2842 si
789 2793 854 2857 quo
875 2703 987 2835 modii
998 2789 1167 2835 occurram
1190 2766 1231 2832 sd

105 2872 144 2925 est
181 2862 273 2927 Deus
311 2872 546 2937 mortuorum,
588 2858 643 2925 sed
687 2859 980 2935 resurrectionem,
1017 2880 1088 2945 quse
1117 2867 1166 2921 est
1192 2878 1231 2923 ex

105 2946 282 3027 sitentium,
307 2948 428 3017 Mettis.
454 2972 506 3015 99.
532 2949 585 3027 50.
613 2962 644 3013 et
687 2948 832 3016 mortuis.
852 2946 948 3027 Ptttt
992 2946 1048 3013 .5.
1068 2968 1117 3013 ιι.

105 3058 157 3123 req.
180 3038 274 3103 Vide
292 3038 399 3109 Marc.
429 3060 478 3103 ι9.
508 3039 559 3103 95.
588 3038 640 3103 96.
732 3037 805 3105 Hoc
819 3036 945 3103 enimv
990 3036 1017 3113 is
1037 3034 1173 3115 dicimus
1196 3034 1230 3101 in

109 3122 173 3193 199.
208 3150 263 3201 nu.
293 3128 344 3193 55.
362 3142 471 3215 etseq.
688 3126 786 3191 verbo
801 3125 950 3202 Domini,
975 3126 1048 3231 (puis
1064 3148 1147 3200 nos,
1174 3124 1229 3212 qui

164 3216 375 3295 Retribuetur
405 3216 491 3283 onim
523 3214 582 3279 tibi
612 3214 644 3281 in
688 3215 844 3292 vivimus,
863 3214 919 3303 qni
935 3215 1052 3287 residui
1071 3235 1181 3283 sumus
1196 3214 1229 3277 in

110 3304 333 3385 resurrectione
359 3306 528 3393 justorum.
563 3302 641 3373 Leo.
690 3305 863 3385 adventurn
885 3304 1035 3380 Domini,
1063 3326 1128 3368 non
1154 3322 1233 3389 prn-

116 3394 228 3474 1494.
558 3466 561 3472 ,
690 3394 852 3475 veniemus
864 3394 1004 3481 eos,qui
1015 3390 1227 3459 dormierunt.

149 3480 241 3552 Venit
256 3482 358 3559 horn,
378 3480 410 3553 in
427 3484 489 3570 qui
509 3504 645 3561 omnes,
692 3482 854 3563 Quonitm
865 3482 932 3572 ipse
951 3482 1108 3553 Dominus
1121 3480 1154 3546 in
1169 3478 1233 3567 ies·

114 3568 162 3717 poi
179 3571 210 3637 in
228 3572 447 3648 monumentis
463 3582 562 3651 sunt,
594 3592 648 3635 nu·
690 3596 749 3647 su,
769 3583 802 3638 et
817 3572 849 3637 in
868 3594 948 3639 voce
965 3568 1176 3659 Archangeli,
1201 3579 1234 3636 et

134 3653 193 3723 ient
208 3684 319 3728 vocem
336 3658 408 3725 Filii
424 3659 482 3735 Dei
502 3684 511 3725 ι
529 3670 561 3725 et
576 3681 648 3748 pro·
691 3661 809 3743 intuba
822 3660 1066 3731 Deideseendet
1078 3658 1118 3725 de
1132 3656 1231 3731 celos:

114 3745 218 3815 cedent
237 3750 292 3839 qui
314 3751 399 3819 bone
421 3749 591 3825 iecerunt,
614 3750 647 3814 in
690 3763 722 3817 et
737 3751 941 3839 mortui‚qni
955 3751 987 3816 in
1005 3748 1233 3819 Christosunt‚

115 3840 373 3913 resurrectionem
385 3838 456 3905 vitre
475 3860 484 3902 :
505 3838 559 3928 qui
571 3845 647 3905 vero
691 3851 859 3947 reserpent
881 3840 988 3929 primi.
1011 3836 1136 3905 Deinde
1152 3855 1234 3903 nos.

114 3923 186 3991 male
201 3940 356 4016 egerunt,
374 3928 406 3995 in
422 3929 648 3997 ressurrectio·
692 3930 748 4017 qui
765 3930 917 4003 sivimus,
934 3928 990 4015 qni
1007 3923 1235 4013 relinquimur,

116 4032 180 4079 nem
192 4015 312 4104 judicii.
331 4016 430 4083 locri.
448 4020 478 4081 5.
500 4019 551 4082 98.
569 4040 621 4105 ²9·
694 4016 792 4085 simul
801 4018 964 4105 rapiemur
975 4039 1050 4084 curu
1063 4013 1125 4080 illis
1136 4009 1168 4073 in
1180 4030 1238 4075 nu·

153 4100 223 4173 Heu
238 4118 287 4173 est
305 4118 412 4173 eutem
432 4104 509 4197 ¹(uit
523 4105 618 4172 lesus
634 4107 645 4189 )
693 4107 808 4179 bibus,
822 4104 949 4169 obvium
959 4102 1087 4172 Christo
1097 4101 1238 4187 incerere,
