2967 4675
374 361 451 444 'sac
951 373 1028 441 sac
1210 310 1271 465 547=

136 489 686 578 riaurini,etsuperomuearcoetanr
772 482 1134 640 DixitsiusDominasad
1146 487 1271 559 Aaron:

135 576 455 666 oriaturindignatio.
467 603 500 643 a.
512 579 542 644 6.
555 577 685 654 Vinum,
729 575 778 643 Tu
794 587 826 640 ct
842 576 864 641 sa
878 576 898 645 ii
912 578 978 652 tui,
994 589 1026 642 ct
1043 576 1157 642 domus
1172 580 1273 665 patris

135 677 169 730 et
186 686 289 732 omne
303 657 389 755 quod
402 667 560 732 inebriare
569 677 686 756 potest,
730 666 776 729 tui
792 678 899 731 tecum
915 716 924 741 ,
940 666 1108 753 portabitis
1126 665 1273 754 iniquita,

135 778 203 821 non
216 756 335 822 bibetis
348 769 381 821 tn
394 767 426 821 st
442 755 499 821 salii
511 758 577 830 tui,
590 771 688 845 quan·
729 764 795 820 tem
808 754 988 820 sanctuarii
1007 767 1101 821 :cttu
1114 767 1146 820 ot
1160 755 1217 822 salii
1226 755 1273 820 tui

133 845 176 909 db
200 845 363 911 intrabitis
385 845 418 910 in
442 844 686 912 tabernaculum
729 842 1025 911 simulsustinehitis
1055 855 1274 911 eccatasacer-

133 933 385 1010 testimonii‚na
394 936 575 1000 moriamini
590 959 598 1000 :
613 935 685 1023 qnia
728 933 806 999 dotii
819 934 935 1009 vestri,
952 942 1013 999 etc.
1026 866 1116 998 Did.
1133 937 1184 998 18.
1202 959 1228 1000 1.
1244 949 1274 1000 et

133 1035 338 1112 praeceptum
356 1023 583 1113 sempiternum
596 1025 684 1090 estin
727 1047 792 1111 aeq.
807 1023 857 1087 Tu
870 1035 978 1088 autam
994 1035 1026 1087 ot
1036 1022 1092 1088 salii
1105 1024 1151 1088 tui
1164 1035 1275 1088 custo-

132 1113 361 1200 generationes
371 1125 498 1179 vestras.
508 1139 541 1180 a.
555 1140 586 1202 9.
600 1113 688 1179 Vide
729 1113 794 1178 dite
813 1111 1028 1181 sacerdotium
1051 1123 1193 1180 vestrum
1214 1136 1222 1179 ε
1242 1123 1274 1178 ct

133 1217 163 1266 ct
177 1227 214 1266 υ.
241 1217 290 1266 tn.
309 1215 339 1266 et
354 1224 417 1288 seq.
729 1200 837 1267 oannia
853 1252 861 1277 ,
880 1222 952 1289 quoe
974 1202 1014 1265 ad
1029 1200 1152 1267 cultum
1166 1201 1271 1266 aitaris

192 1291 284 1356 Dixit
311 1312 437 1380 quoquo
463 1292 619 1356 Dominus
646 1291 688 1356 nd
730 1293 911 1379 pertinent,
928 1301 961 1354 ct
972 1290 1055 1354 intra
1068 1289 1174 1354 veiam
1187 1303 1273 1366 sunt,

133 1378 688 1470 Moysen:Loqueraadsacordotes
729 1403 788 1468 por
809 1380 989 1445 sacerdotes
1005 1377 1275 1443 administraban-

134 1467 223 1534 titios
243 1467 367 1544 Aaron,
385 1482 417 1532 et
437 1469 524 1533 dicos
540 1469 581 1532 ad
604 1491 659 1534 cos
678 1491 685 1533 :
731 1481 802 1543 tur,
819 1471 843 1533 si
855 1469 926 1555 quis
934 1480 1083 1532 externus
1093 1468 1273 1543 accesserit,

136 1558 185 1624 Ne
216 1559 454 1623 contaminetur
480 1557 628 1622 sacerdos
655 1557 688 1622 in
731 1557 906 1623 moderor.
933 1580 965 1622 a.
995 1581 1024 1643 7.
1062 1555 1148 1621 Vide
1173 1569 1276 1621 totum

133 1647 300 1712 mortibus
318 1646 434 1711 civium
453 1669 606 1722 suorum,
623 1657 685 1712 etc.
732 1646 852 1735 Caput.

132 1729 232 1800 lata.
261 1757 313 1800 ar.
340 1759 366 1800 r.
387 1733 495 1801 Sancti
511 1748 604 1799 amnt
621 1735 689 1800 Deo
779 1735 1003 1822 Accedentquo
1024 1734 1205 1801 sacerdotes
1220 1733 1276 1801 iiiii

135 1840 227 1899 sao,
251 1836 283 1888 et
310 1845 374 1888 non
405 1821 549 1911 polluent
572 1839 688 1890 nomen
732 1824 830 1902 Leti,
862 1847 942 1912 quos
967 1822 1101 1914 elegerit,
1119 1825 1275 1890 Dominus

137 1914 217 1999 ejus
236 1935 244 1975 ε
263 1913 427 1977 incensum
452 1912 538 1978 enim
559 1913 688 1979 Domini
731 1914 817 1979 Dans
834 1921 907 1979 tuus
924 1914 1152 1980 administrent
1173 1915 1223 1989 ei,
1241 1924 1274 1978 et

136 2012 175 2064 et
199 2015 300 2087 'panes
328 1999 386 2066 Dei
408 2003 454 2066 sui
477 2000 634 2078 offerant,
657 2015 689 2068 at
730 2003 924 2068 benedicant
942 2003 1116 2068 innomine
1131 2004 1220 2091 ejus,
1244 2013 1276 2065 et

138 2083 325 2155 idebsancti
334 2102 561 2166 orunt‚ete.o.
577 2093 607 2155 6.
619 2091 688 2156 Sint
730 2091 770 2156 ad
793 2093 925 2156 verbum
945 2115 1078 2169 comam,
1105 2115 1200 2157 omno
1222 2113 1276 2156 nc-

134 2180 330 2266 engeranni
351 2180 362 2265 (
372 2179 550 2244 sacerdotes
565 2181 596 2266 )‚
613 2181 687 2269 qaia
729 2182 873 2268 gotium,
892 2193 923 2246 et
943 2182 1099 2271 quidquid
1115 2181 1275 2246 mundam

135 2279 169 2332 et
187 2289 249 2355 ego
261 2280 388 2334 sanctus
405 2293 495 2344 sum,
513 2267 685 2348 Dominus,
728 2269 777 2337 vei
801 2271 1001 2337 immundum
1025 2283 1073 2336 cst
1099 2270 1272 2359 judicetur.

135 2358 194 2447 qui
211 2358 376 2429 sanctifico
387 2372 530 2435 eos‚etc.
545 2384 577 2425 u.
590 2363 620 2427 8.
627 2384 688 2450 per
731 2362 825 2427 Deru.
851 2386 903 2427 aa.
926 2364 956 2425 5.
974 2362 1101 2425 Videat
1120 2384 1147 2425 c.
1168 2382 1219 2425 ao.
1241 2382 1270 2423 a.

139 2460 196 2517 tot.
218 2471 245 2511 c.
262 2444 294 2509 V
296 2446 385 2513 idest
398 2464 452 2513 tot.
469 2474 495 2514 c.
518 2471 569 2513 aa.
775 2450 1025 2537 Etcirgicum(
1056 2448 1275 2599 atrcmilcdt'g

192 2532 335 2625 Praecipe
372 2535 444 2602 filiis
488 2536 611 2613 braii,
654 2548 688 2602 ut
730 2562 769 2604 ox
802 2539 955 2604 omnibus
989 2474 1136 2601 triDuhus
1179 2536 1263 2599 lsrri

137 2624 274 2689 afferant
303 2626 364 2690 tibi
394 2625 500 2691 oleum
528 2626 569 2691 de
597 2624 687 2691 olivis
730 2628 809 2695 mihi
826 2628 858 2691 in
875 2624 1147 2699 sacerdotem,ut
1163 2644 1277 2687 ascen·
1315 2667 1318 2678 ‚

137 2714 371 2799 purissimam,
402 2726 434 2779 et
474 2714 615 2779 tucidum
648 2716 688 2779 ad
732 2713 1116 2787 deretadaltaremcam,
1134 2710 1277 2776 adoleret

138 2802 687 2893 concinnandaslacernaslugiter,
731 2804 810 2869 mihi
846 2805 1036 2878 incensum,
1074 2814 1106 2865 ct
1128 2811 1277 2954 Xortaret

138 2904 229 2959 extra
254 2891 360 2957 vetunt
386 2893 558 2957 testimonii
586 2894 618 2957 in
636 2894 689 2957 'ta-
731 2890 1125 2981 ephodcorammezctdc
1150 2888 1276 2966 idomui

141 2979 319 3046 bernacaio
348 2982 484 3047 foederis.
525 2980 689 3070 Ponetque
731 2983 830 3071 patris
852 2982 899 3046 tui
919 2981 1026 3046 otania
1050 2980 1090 3045 da
1113 2978 1278 3046 sacrificiis

138 3083 189 3134 aas
216 3068 323 3135 Aaron
344 3076 361 3134 t
381 3092 511 3159 vespere
531 3078 629 3160 usque
650 3072 689 3136 ad
731 3072 870 3137 saliorum
891 3070 997 3136 lsrael.
1025 3094 1050 3134 ι.
1069 3071 1147 3160 Reg.
1170 3092 1200 3135 a.
1222 3072 1273 3135 aa.

140 3164 237 3223 mane
269 3180 378 3225 coram
412 3160 569 3237 Domino,
601 3160 690 3227 cuitu
732 3164 774 3225 Et
796 3162 956 3227 suscitabo
977 3160 1055 3226 mihi
1078 3159 1277 3227 sacerdotem

142 3248 272 3335 rituque
287 3260 442 3337 perpetuo
461 3251 496 3314 in
515 3252 690 3339 generatio·
733 3250 862 3315 fidelem
875 3302 884 3326 ,
896 3250 1047 3338 qnijaxta
1060 3274 1117 3315 cor
1127 3257 1277 3314 meamet

143 3336 464 3403 nauseamentis.
478 3343 529 3419 24.
545 3354 612 3403 net
623 3363 686 3426 seq.
732 3339 871 3404 animam
887 3363 992 3405 meam
1008 3340 1127 3405 saciet:
1149 3349 1182 3403 ct
1201 3337 1279 3401 aedi-

185 3428 297 3493 !saron
316 3438 428 3493 ‘autem
453 3438 485 3491 ot
512 3427 594 3492 iiiios
612 3429 690 3517 *ejas
732 3428 837 3492 iicubo
865 3430 895 3493 ei
919 3428 1050 3493 domum
1074 3425 1224 3502 fidelem,
1246 3436 1279 3491 et

150 3517 321 3581 constitues
337 3534 433 3605 super
446 3516 570 3582 cattum
590 3539 691 3581 sacer·
732 3516 909 3582 ambulabit
927 3542 1035 3584 coram
1057 3517 1186 3583 Christo
1206 3523 1277 3581 meta

147 3600 234 3670 datii.
261 3606 420 3670 Externus
435 3606 512 3693 ‚qui
529 3606 568 3670 ad
585 3606 691 3671 minis-
732 3606 856 3672 cunctis
872 3606 994 3673 diebus.
1009 3631 1042 3672 a.
1060 3606 1112 3673 ³5.

149 3694 501 3771 asnaumaacassera,
523 3695 686 3761 morietur.
776 3695 884 3763 Aaron
902 3702 975 3763 voro
991 3709 1023 3761 ct
1036 3694 1096 3761 'iiiii
1112 3695 1182 3783 ejas
1199 3692 1276 3757 ado-

147 3777 243 3847 Num.
264 3782 295 3847 ὅ.
313 3807 360 3848 ιο.
374 3782 468 3847 Vide.
480 3808 506 3850 c.
518 3786 549 3864 4.
559 3808 620 3873 per
632 3800 686 3851 tot.
731 3782 841 3853 iebant
864 3787 1029 3853 incensum
1055 3808 1151 3874 super
1179 3781 1279 3845 altare

153 3866 157 3883 '
186 3869 260 3935 tutti
270 3884 377 3937 autam
390 3870 496 3938 Aaron
509 3872 690 3941 sacerdotes
731 3870 931 3952 holocausti,
949 3867 1278 3966 etsuporaltarethy—

150 3954 294 4049 cingent
310 3962 395 4027 tabis
409 3984 418 4026 ε
436 3963 559 4052 eritque
574 3963 637 4031 itoc
648 3964 691 4029 le.-
730 3964 911 4038 mimalia,
925 3966 958 4028 in
971 3986 1066 4028 omne
1076 3981 1154 4050 opas
1166 3956 1277 4020 Sancti

146 4046 292 4130 staturum
306 4051 582 4139 sempiternum'in
598 4075 691 4141 gene·
730 4064 916 4118 sanctorum
937 4074 945 4115 τ
967 4063 1000 4116 et
1019 4065 1054 4116 at
1070 4056 1279 4139 precarentur

147 4137 322 4204 rationibus
337 4140 458 4205 vestris.
477 4140 565 4205 ibid.
590 4160 639 4206 aa.
657 4143 686 4205 8.
731 4158 791 4225 pro
819 4137 935 4210 lsrael:
959 4139 1042 4223 justa
1075 4133 1181 4201 amnia
1207 4153 1279 4222 qum
