2967 4675
354 402 435 470 rso
510 460 515 472 .
900 357 1001 469 'rau
1173 428 1246 473 ‘tor

120 513 272 599 genitus.
305 513 418 579 Nonne
444 512 595 601 laca‘yreae
617 515 667 579 vi-
705 509 816 600 precisi
838 526 1038 581 recesserunt
1061 513 1167 579 abeo.
1193 514 1245 581 lt.

122 604 193 667 duae
211 601 252 665 ad
272 600 432 670 maxillam
450 601 665 679 descendunt,
710 626 758 688 ¹9·
781 626 810 687 7.

121 700 151 756 et
166 690 357 758 exclamatio
373 691 443 779 ejus
458 715 554 779 super
569 692 667 757 dedu·
748 688 1244 777 Sapienssibivideturvirdiros:

120 763 253 848 bentem
278 779 402 846 easi’A
429 778 556 845 maxilid
579 780 664 846 enirn
726 802 825 865 anper
840 792 946 845 autem
966 781 1105 869 prudeus
1120 794 1249 849 senata·

118 868 301 935 ascendunt
315 875 415 957 usque
431 868 620 943 adewinus,
633 882 665 936 et
703 804 791 933 bitur
806 891 890 933 euna.
908 868 997 935 ibid.
1020 874 1070 937 28.
1094 895 1143 937 11.

118 955 280 1025 Dominus
296 958 462 1025 exauditor
475 981 541 1025 nou
557 958 665 1025 deiee-
740 957 899 1045 Sapientia
908 961 1054 1047 pauperis
1062 973 1244 1051 contempta

117 1045 243 1111 tabitur
264 1048 297 1112 in
323 1042 394 1112 illis.
416 1046 506 1113 Ibid.
534 1050 586 1115 55.
609 1050 660 1115 16.
703 1058 770 1122 est,
787 1058 817 1110 et
833 1046 928 1113 verba
941 1048 1010 1135 ejus
1022 1072 1085 1114 non
1097 1062 1171 1115 sunt
1185 1074 1244 1116 ou-

114 1148 145 1197 st
159 1158 226 1220 seq.
701 1134 776 1199 dita.
796 1136 918 1201 Eccles.
936 1160 967 1222 9.
987 1138 1035 1201 16.

161 1224 251 1303 Quia
264 1224 368 1289 sactus
385 1237 433 1292 est
451 1224 578 1314 (Deua)
595 1226 655 1291 ior·
745 1224 841 1289 Dives
851 1224 971 1313 injuste
983 1227 1059 1313 egit,
1072 1238 1105 1291 et
1117 1226 1242 1293 fremet:

117 1311 224 1377 titudo
234 1314 385 1417 pauperi,
398 1316 551 1380 fortitudo
561 1338 662 1403 egeno
701 1335 824 1399 pauper
852 1325 961 1378 autem
991 1312 1083 1379 laesus
1110 1312 1239 1379 tacebit.

115 1398 149 1463 in
167 1400 374 1470 tribulatione
389 1411 455 1469 sut.
474 1401 541 1469 Iso.
560 1408 613 1469 ιδ.
626 1407 658 1483 4.
701 1400 808 1466 Baeti.
828 1402 876 1465 ab.
895 1404 927 1478 4.
1230 1462 1232 1469 ,

160 1491 266 1579 Egeni
287 1504 321 1556 et
341 1511 498 1580 pauperes
517 1504 663 1578 querunt
749 1488 794 1552 Si·
812 1489 970 1553 introierit
995 1489 1029 1553 in
1053 1500 1245 1555 conventum

115 1600 239 1665 aquas,
255 1591 288 1644 et
302 1602 368 1645 non
384 1592 478 1645 sunta
492 1579 601 1666 lingua
612 1602 663 1643 eo
704 1569 845 1640 rostrum
858 1577 925 1652 vir,
943 1599 1075 1641 aureum
1091 1576 1246 1641 ‚annulum

114 1690 193 1731 rum
215 1668 266 1733 siti
293 1669 387 1731 aruit.
418 1670 487 1756 Ego
506 1667 664 1733 Dominus
705 1662 827 1729 habens
851 1665 883 1729 in
905 1678 991 1731 vesto
1018 1664 1171 1740 madida
1202 1666 1247 1731 iu-

113 1755 289 1820 exaudiam
301 1778 374 1828 eos;
392 1756 479 1821 Deus
491 1753 591 1822 larabi
599 1777 664 1821 nen
704 1753 829 1819 troierit
839 1766 947 1819 autem
959 1767 992 1819 et
1001 1777 1123 1845 pauper
1134 1755 1167 1820 in
1181 1778 1247 1819 sor·

113 1840 342 1931 derelinquam
353 1867 417 1909 eos.
432 1843 522 1909 leta.
537 1849 591 1923 41.
611 1869 659 1931 ¹7·
704 1841 781 1906 dido
803 1840 934 1916 habitu;
959 1856 991 1908 et
1013 1844 1183 1909 intendatis
1210 1845 1243 1909 in

165 1931 274 2019 Super
293 1932 392 1997 tribus
416 1930 589 1999 sceleribus
616 1934 663 1998 Ιι-.
702 1932 1243 2022 eum,quiindutusestvestoprae·

116 2016 205 2092 rae'i,
220 2030 253 2083 et
263 2042 358 2107 super
368 2034 576 2110 quatuornon
588 2046 662 2088 con·
702 2018 807 2095 ciart,
824 2032 856 2085 et
872 2018 1011 2087 dixeritis
1026 2024 1056 2087 ei
1072 2046 1080 2087 :
1103 2022 1150 2086 Tu
1167 2021 1242 2087 sede

112 2118 243 2179 vertam
277 2131 379 2175 eum:
406 2133 467 2198 pro
500 2134 539 2175 eo
574 2110 660 2199 quod
700 2107 756 2173 hto
774 2109 880 2175 bene:
907 2112 1037 2199 pauperi
1059 2125 1167 2176 autern
1191 2110 1242 2175 di-

113 2194 298 2261 rendiderit
312 2210 513 2287 pro‘argento
524 2200 658 2286 justum,
700 2196 803 2263 eatis:
829 2198 878 2263 Tu
900 2211 947 2265 sta
971 2199 1058 2267 illio:
1084 2212 1140 2265 aot
1166 2199 1244 2265 sede

114 2296 146 2350 et
161 2306 339 2374 pauperem
351 2310 409 2376 pro
421 2286 655 2356 calceamentis.
699 2286 758 2350 sub
779 2284 919 2354 scabello
937 2287 1056 2378 pedum
1074 2309 1240 2365 meorum,

115 2376 221 2439 Amos
237 2397 267 2438 ι.
287 2376 318 2440 (i.
699 2386 761 2442 etc.
778 2375 893 2442 Jacob.
913 2399 942 2442 ι.
965 2399 993 2442 ι.
1011 2395 1043 2444 et
1056 2399 1118 2464 seq.

137 2461 279 2566 ‘Audite
299 2463 530 2571 verbumboe,
553 2489 658 2532 vacca
759 2511 792 2576 Α
808 2511 877 2578 Deo
893 2511 1176 2576 mmmmm

116 2572 271 2705 bisingdiiai
283 2565 661 2729 :qilqiiieodisiiadiiriaiirinide
745 2643 815 2711 Non
853 2642 989 2709 deerunt
1017 2659 1174 2732 pauperes
1209 2643 1241 2708 in

116 2727 184 2814 citis
220 2729 356 2817 egenis,
394 2741 429 2795 et
461 2731 658 2820 confringitis
700 2741 783 2798 terra
799 2731 1004 2796 habitationis
1019 2744 1105 2797 tue:
1123 2729 1241 2796 idcireo

116 2818 658 2974 tatuitsttttttr
699 2817 1240 2975 rattttttktttt‘tt

117 2987 403 3061 iuravitbominus
411 2955 658 3065 beminsanctd
699 2999 787 3086 peri,
800 2931 1240 3085 quitesumvei'saturinpter-

117 3103 169 3148 suo
186 3107 197 3150 :
214 3085 289 3171 quia
300 3091 378 3150 eece
393 3085 460 3152 dies
471 3087 598 3152 venient
609 3108 659 3153 so·
685 3094 745 3152 rt.
765 3086 860 3152 Deot.
881 3088 929 3152 15.
949 3109 997 3151 ιι.

117 3166 470 3258 pervosjetulbidd.
487 3199 514 3239 1.
528 3167 663 3264 portet.¹
746 3176 883 3256 Quando
908 3177 1076 3243 messueris
1103 3191 1247 3267 segetem

119 3259 203 3326 Vide
215 3279 315 3352 eaput
329 3264 364 3326 5.
382 3287 431 3327 11.
449 3280 479 3329 et
493 3286 521 3328 e.
536 3267 573 3329 Ι8.
590 3267 622 3343 Δ.
658 3281 662 3289 ’
683 3265 732 3330 'in
750 3281 826 3354 agro
839 3277 907 3340 tuo,
918 3277 957 3331 'et
969 3265 1085 3333 obiitus
1097 3269 1240 3355 manipu-

110 3439 114 3445 ,
209 3393 243 3458 A
258 3395 359 3459 maus
373 3393 563 3462 hominibus
700 3352 767 3418 lum
787 3353 970 3442 reliqueris,
991 3376 1056 3420 non
1075 3356 1242 3422 reverteris

701 3454 736 3507 ut
751 3437 843 3508 tolles
858 3441 947 3509 ilium
962 3467 970 3509 1
984 3444 1048 3510 sed
1064 3444 1239 3520 advenam,

397 3612 400 3619 Ι
524 3607 528 3615 ⁴
700 3529 1244 3620 etpupilium,etviduamuuterro

160 3611 265 3678 Etiam
290 3614 435 3701 proximo
458 3634 517 3679 suo
536 3631 660 3706 pauper
699 3621 846 3706 patieris,
866 3634 928 3688 eto.
955 3620 1044 3687 ibid.
1069 3625 1120 3701 rt.
1147 3644 1195 3710 19.
1214 3633 1245 3684 et

121 3697 329 3767 odiosuserit
347 3704 447 3768 Prov.
468 3707 517 3783 14.
532 3722 590 3770 ao.
699 3726 762 3795 sep.
782 3708 868 3774 Item
883 3709 985 3776 Levit.
1010 3733 1060 3798 ¹9·
1085 3735 1116 3798 9.
1142 3734 1190 3776 ιο.
1214 3723 1247 3776 et

158 3789 243 3855 Cum
257 3791 531 3858 obsecrationibus
546 3790 661 3882 ioque-
700 3820 727 3861 o.
749 3799 800 3862 ιδ.
820 3819 873 3863 ιι.
1234 3816 1241 3827 “

262 3480 507 3549 eborninantur.

120 3884 168 3942 tar
173 3897 305 4034 pauper
321 3903 340 3952 1,
353 3891 387 3944 et
408 3877 494 3948 dives
510 3881 660 3950 stabitur
745 3886 860 3953 Anima
883 3885 973 3976 impii
997 3887 1155 3953 desiderat
1175 3897 1246 3947 ma·

121 3964 174 4054 rigi
268 3968 336 4033 bid.
356 3971 405 4033 18.
427 3970 478 4034 ιό.
656 3995 660 4004 ’
700 3972 785 4038 luna..
805 3997 870 4040 non
886 3977 1089 4040 miserebitur
1099 3967 1244 4060 proximo

170 4053 298 4122 Fratres
335 4056 474 4124 bominis
509 4061 659 4150 pauperis
700 4085 769 4126 suo.
785 4065 884 4128 Proo.
906 4079 957 4127 ιι.
975 4087 1023 4127 ro.
1041 4061 1104 4140 Qui
1112 4057 1248 4121 obturat

120 4139 252 4219 ‘tiorum
265 4167 342 4212 eum
356 4145 551 4234 siasuper‘et
563 4149 660 4215 smioi
701 4166 812 4215 sorem
830 4165 918 4216 suam
931 4151 970 4214 sd
983 4149 1154 4214 clamorem
1168 4150 1248 4234 part-¹
