2967 4675
132 514 245 582 beutes
264 404 488 606 superiilum
505 518 613 597 Pauli,
626 543 673 585 os·

131 604 321 781 {fflssstu‘
343 630 438 685 ⁰¹¹mt
462 620 523 675 διο·
553 610 668 677 Amr·
714 652 745 715 V
748 644 966 721 idestacsoia
976 681 1017 723 ur
1028 616 1253 725 baourcrurra'.

149 832 307 900 Osculum
328 798 445 920 ficturo
466 851 496 900 et
512 836 657 921 prodite
713 808 828 875 Olim
849 812 1046 918 '’amm'’
1073 816 1152 901 ‘lala
1172 817 1259 881 vlllss

347 924 448 988 riam.
921 918 1038 967 nutrit.

172 1051 304 1117 Meliora
340 1067 413 1119 sunt
444 1054 573 1121 vulnera
600 1054 670 1121 dili·
755 1060 872 1126 Adam
879 1065 994 1149 jussus
1008 1064 1171 1131 eatheo
1186 1056 1256 1155 ope

126 1142 668 1231 gentis,qubmsrauduleutaoscula
709 1152 782 1215 rari
794 1151 831 1215 in
842 1150 1017 1237 paradiso:
1028 1152 1084 1215 aed
1095 1154 1257 1237 quiaotio-

125 1229 269 1296 odientis.
285 1232 384 1298 Prov.
407 1255 458 1319 27.
478 1234 509 1297 6.
708 1261 762 1304 aua
772 1240 855 1327 fuit,
871 1240 1020 1323 peccauit
1028 1267 1042 1315 ;
1063 1262 1130 1303 non
1145 1264 1257 1327 pecca-

153 1319 314 1385 Absalom
348 1322 497 1386 ambiens
528 1345 667 1413 regrrum
709 1344 830 1399 turus,
868 1327 897 1390 ai
930 1326 1041 1391 rodald
1072 1324 1252 1396 laborasset.

122 1412 229 1492 patria
243 1412 316 1483 sui,
331 1411 436 1477 stabat
448 1410 535 1495 juxta
553 1413 669 1476 introi·
711 1416 790 1478 Gen.
814 1436 843 1476 ι.
868 1414 916 1476 ι5.

122 1506 190 1562 tum
215 1510 335 1585 portae,
353 1510 385 1563 et
400 1520 528 1562 omnem
543 1498 667 1574 virum,
731 1500 878 1586 Pupulus
891 1498 1262 1587 Israelitieua,quandiit

121 1586 174 1671 qui
200 1585 340 1651 babebat
356 1575 543 1688 negotium,¹
560 1596 595 1648 ut
615 1606 670 1649 ve·
710 1588 959 1674 fititoccupatua
969 1585 1126 1652 loborein
1140 1588 1262 1681 AEgyp-

119 1675 208 1737 niret
230 1673 272 1739 ad
298 1673 380 1760 regis
406 1672 584 1759 judicium,
611 1695 669 1736 ro·
712 1690 769 1748 to,
794 1680 966 1759 nunquam
983 1675 1110 1765 'legitur
1131 1680 1262 1765 aliquid

117 1760 327 1827 cubat-cd
345 1771 474 1824 se-et
490 1758 670 1847 apprehen·
710 1763 795 1828 muli
827 1764 924 1852 egisse
938 1791 953 1839 ;
981 1764 1037 1828 sed
1062 1766 1137 1829 clim
1163 1768 1260 1855 erepit

116 1850 225 1923 dens,
241 1847 445 1913 osculabatur
459 1872 544 1913 eum.
561 1848 669 1915 Facie-
710 1847 905 1917 manducare
929 1863 959 1915 et
980 1852 1111 1930 bibere,
1129 1866 1161 1931 et
1184 1880 1256 1921 sur-

114 1939 246 2039 batquc
258 1935 319 2002 hoc
328 1939 413 2002 omni
422 1936 518 2003 lsrael
531 1937 667 2003 venienti
708 1952 859 2005 rexerunt
874 1938 1003 2016 ludere,
1020 1942 1126 2029 factus
1136 1946 1255 2011 acida

117 2024 164 2089 ad
212 2024 404 2091 udicium-
420 2038 454 2092 et
477 2024 666 2091 sollicitabat
709 2029 837 2094 auara.
861 2028 969 2093 Eaeod.
987 2030 1039 2095 52.
1056 2031 1087 2095 6.

115 2047 371 2179 eordaairorum
392 2112 499 2182 lsrael.
526 2136 555 2179 ι.
581 2112 659 2206 Bag.
750 2117 1255 2206 Sanisenotiooacatpermultos

121 2204 171 2267 15.
196 2223 225 2266 2.
246 2202 276 2266 5.
297 2218 327 2267 et
343 2204 372 2267 6.
704 2204 774 2270 dies
784 2205 875 2291 apud
886 2205 1035 2273 Dolibtm
1041 2235 1056 2283 ;
1073 2210 1128 2273 aed
1142 2212 1256 2297 perdit

158 2287 247 2356 Dixit
266 2290 374 2379 itaque
395 2290 479 2358 Joab
507 2289 548 2356 ad
568 2290 662 2359 Ama·
702 2292 960 2382 fortitudinem,
994 2293 1199 2374 libertatem,
1222 2314 1254 2364 et

119 2403 204 2446 sam:
216 2377 322 2457 Salve,
335 2379 495 2446 milrater.
511 2381 661 2446 Ettcnuit
702 2383 821 2448 vitam.
833 2381 946 2448 ludio.
963 2407 990 2448 c.
1013 2385 1063 2448 16.

119 2491 214 2534 manu
227 2468 356 2535 dextera
369 2482 514 2536 mentum
522 2469 659 2545 Amasae,
734 2472 1010 2538 Sexcentivirieaa
1021 2470 1253 2537 tribuDanve-

123 2557 208 2643 quasi
249 2557 396 2624 osculans
434 2581 520 2624 eum.
561 2557 661 2623 Porro
703 2573 824 2625 nerum
851 2561 890 2632 in
915 2557 993 2624 Lais
1025 2559 1064 2622 ad
1095 2559 1251 2646 populum

120 2645 229 2712 Amasa
239 2652 305 2712 non
318 2648 494 2713 observavit
505 2645 658 2736 gladium,
702 2647 921 2734 quiescentem
934 2657 1031 2733 atque
1040 2667 1189 2711 securum
1198 2696 1207 2721 ‚
1217 2660 1250 2712 et

121 2757 210 2821 quem
232 2736 374 2801 habebat
395 2735 477 2801 toah
496 2764 503 2797 ε
522 2735 575 2822 qui
612 2757 660 2799 er-
702 2745 930 2823 percusserunt
945 2757 1001 2798 eos
1017 2733 1050 2798 in
1063 2755 1118 2797 ore
1128 2733 1246 2822 gladii:

120 2825 210 2890 cussit
228 2847 305 2890 eum
322 2825 355 2889 in
370 2822 488 2900 latere,
505 2758 660 2889 etellirdit
702 2823 880 2909 urbemque
918 2821 1065 2887 incendio
1108 2823 1250 2888 tradide-

121 2911 264 2980 intestina
288 2912 358 3002 ejus
380 2914 575 2987 interram,
599 2933 659 2978 nec
702 2923 792 2977 runt.
806 2909 897 2975 lbid.
922 2913 970 2975 18.
986 2909 1202 2998 27.Vialeetu.
1215 2937 1245 3000 7.

120 3003 293 3068 secundum
314 3001 426 3067 vulnus
442 3001 609 3090 apposuit,
626 3012 658 3065 et
744 2999 861 3066 David
872 3003 1250 3087 cotempore,quosolent

120 3103 259 3156 mortuus
273 3102 331 3156 est.
350 3089 439 3156 Ibid.
461 3113 512 3156 ιο.
554 3138 562 3155 .
582 3113 632 3155 ιο.
700 3111 790 3178 reges
801 3087 847 3152 ad
862 3086 1142 3175 ballomerem,
1156 3091 1248 3157 domi

156 3179 266 3247 ludus
287 3179 441 3246 accedens
461 3179 502 3244 ad
525 3114 656 3252 lesum,
699 3191 797 3241 vacat
812 3177 898 3252 otio,
916 3191 947 3241 et
963 3177 1086 3242 labitur
1101 3180 1247 3244 inadul-

122 3261 213 3332 dixit:
229 3291 289 3333 ave
303 3267 418 3333 Rabbi.
436 3269 477 3332 Et
496 3265 657 3334 osculatus
701 3267 839 3341 terium,
860 3281 889 3330 et
906 3264 1098 3352 subsequens
1112 3265 1247 3332 bernici-

121 3366 164 3416 est
182 3379 268 3422 eum.
293 3356 442 3510 Dixitque
468 3354 512 3421 illi
539 3355 654 3421 lesus:
699 3354 805 3420 dium.
825 3376 853 3418 ι.
869 3354 946 3445 Reg.
966 3375 993 3418 c.
1017 3377 1066 3418 ιι.

123 3441 238 3520 amice,
258 3445 299 3509 ad
323 3446 376 3534 qui
414 3443 551 3510 venisti?
565 3443 656 3509 Tunc
742 3442 919 3517 Salomon,
938 3441 1018 3506 cllum
1033 3441 1098 3528 fuit
1112 3465 1246 3533 occupa-

124 3545 335 3610 aocesserum,
361 3545 520 3599 etmanus
534 3532 657 3619 injece·
698 3545 750 3596 tua
762 3527 1106 3617 luboreoedifieutionia
1116 3534 1244 3619 templi,

55 3659 64 3673 .
123 3630 194 3682 runt
217 3621 249 3684 in
273 3622 405 3699 lesum,
427 3634 460 3687 et
485 3631 657 3686 tenuerunt
696 3620 805 3684 vitam
818 3619 915 3684 duxit
926 3619 1130 3683 innocentem
1137 3637 1247 3708 ,φαει-

122 3726 214 3773 eum:
240 3710 347 3777 Iudae
372 3711 462 3776 enim
488 3708 576 3773 dedit
596 3707 656 3774 illis
697 3713 799 3792 quum
817 3711 894 3773 oerd
915 3713 936 3771 ὰ
957 3705 1065 3772 libore
1083 3709 1242 3780 cessavit,

121 3794 379 3882 tignum,diccns
398 3823 406 3865 :
422 3817 656 3888 quemcumque
697 3812 727 3861 et
751 3797 858 3862 vitum
881 3793 1024 3862 desidem
1050 3795 1245 3860 camollam

122 3885 536 3977 osculatusfuero‚ipseest‚
549 3897 655 3952 tenete
697 3885 822 3961 duxit,
852 3901 965 3972 captus
993 3905 1105 3946 amore
1131 3880 1246 3944 mulie

122 3993 197 4040 eum.
226 3978 347 4045 blattlt.
370 3979 421 4043 26.
450 3979 504 4056 48.
537 3991 650 4063 etseq.
696 3968 1241 4050 ram,inid0l0lotriameatlapaus.

123 4057 314 4133 Videblarc.
335 4068 384 4143 ι4.
399 4068 453 4145 44.
467 4063 652 4151 etseqduc.
698 4062 729 4126 b.
757 4062 802 4126 lle
825 4107 833 4122 .
853 4081 880 4122 c.
895 4057 926 4121 6.
942 4073 971 4120 ot
986 4079 1012 4118 c.
1036 4079 1084 4118 ιι.

124 4167 169 4212 ta.
186 4155 238 4238 47.
740 4147 790 4214 Va
813 4169 830 4212 e
845 4145 886 4209 ad
900 4143 1086 4214 formicam,
1102 4138 1122 4201 ὃ
1137 4137 1238 4227 piger,
