2967 4675
256 333 318 418 578
499 331 576 398 SAP
1069 326 1149 394 SAP

306 445 411 534 Empti
446 446 530 510 enirn
580 445 655 510 estis
694 445 796 534 pretio
837 451 869 503 et
888 440 920 503 iu
941 441 1088 528 operibus
1110 443 1237 530 justitie
1249 465 1376 508 sucres-

250 555 376 619 magno.
389 531 600 637 ’Glorilicatm
619 544 650 598 et
670 544 794 622 portate
838 551 890 592 sus
905 527 1047 594 habebit.
1063 532 1168 599 Ereti.
1186 532 1216 595 ὅ.
1231 531 1282 596 tr.
1294 532 1347 596 51.

252 618 583 776 iillofldmpm
614 634 727 688 ΜΝ·
764 646 789 687 ’·
835 616 1378 796 .ρῖ.ῗ.ῗ..ῗ“’ἶ.ἳῖωἶῖ““ξῖἒ1ῗ.ἶ

295 795 401 862 Pretio
427 798 526 886 empti
559 798 657 874 estis,
692 792 793 865 nolite
834 794 950 881 pudica
977 807 1043 872 eet.
1078 796 1194 861 deinde
1224 795 1376 884 pacififfl.

250 881 320 950 lieri
342 887 421 952 servi
443 887 619 953 hominum.
643 887 733 954 ltin.
758 913 788 975 7.
834 882 1377 960 modesta,suadil)ilie,boniseou

252 972 303 1036 25.
611 1012 617 1023 ·
834 971 989 1047 sentiens,
1020 971 1114 1061 plena
1136 973 1376 1047 misericordia,

295 1059 438 1128 seientes
452 1063 537 1152 quod
555 1087 619 1130 nou
634 1066 791 1154 corrupti·
833 1071 865 1123 et
881 1061 1037 1127 fructibus
1051 1062 1164 1138 nouis.
1181 1073 1244 1128 ele·
1259 1061 1374 1126 dwl-

196 1163 204 1185 *
250 1147 367 1215 bilibus
404 1175 481 1218 auro
507 1151 556 1217 vel
584 1168 715 1242 argento
738 1177 784 1219 re·
833 1149 864 1214 5.
885 1173 932 1233 ¹7·
954 1150 986 1212 V
986 1149 1040 1214 ide
1056 1167 1128 1216 otv-
1153 1152 1202 1215 15.
1223 1153 1271 1216 15·

250 1235 371 1328 dempti
404 1241 478 1306 estis
498 1281 541 1290 —
563 1240 620 1306 sed
650 1244 790 1332 pretioso

249 1327 789 1486 tlttletttlttlltttt¹¹¹l¹

247 1501 336 1570 Patr.
357 1469 387 1572 1:
405 1511 453 1574 18.
473 1509 623 1596 191111
638 1470 740 1575 Heli.
753 1469 788 1598 9:
874 1504 1208 1573 llaeoesteuimvestra
1219 1509 1373 1596 sapientia

252 1595 299 1672 ad.
318 1594 404 1660 Item
420 1597 561 1662 1.]01111.
582 1621 609 1663 1.
633 1623 663 1682 7.
830 1605 863 1658 et
887 1593 1070 1661 intellectus
1093 1619 1203 1660 eoram
1225 1597 1371 1685 populis,

292 1681 330 1747 Di
354 1708 413 1750 uus
442 1710 493 1764 es,
521 1687 676 1766 Domine,
701 1685 788 1753 acci·
829 1682 1042 1749 utaudieutee
1056 1685 1201 1758 universa
1216 1699 1376 1775 praecepta

246 1791 321 1855 pere
332 1707 478 1851 librum,
496 1788 528 1839 et
549 1777 670 1863 aperire
686 1776 789 1865 digna·
829 1770 915 1848 haee,
936 1771 1043 1838 dicant
1061 1796 1070 1837 1
1085 1774 1132 1837 llu
1157 1773 1297 1862 populus
1322 1799 1373 1840 sa·

246 1856 317 1922 cula
333 1861 402 1927 e'us
417 1885 425 1927 :
439 1863 588 1950 quoniam
598 1865 722 1931 occisus
734 1888 785 1941 es,
828 1861 917 1947 piena
933 1873 964 1925 et
979 1860 1176 1950 intelligens,
1193 1887 1271 1951 gens
1281 1887 1371 1951 mag-
1443 1911 1445 1920 ·

245 1955 277 2008 et
307 1883 468 2014 redemisti
489 1975 547 2016 uos
570 1953 688 2018 Deoia
711 1977 788 2018 sau·
828 1960 968 2022 ue‚ete.
987 1950 1082 2016 Dent.
1102 1954 1135 2029 l.
1153 1952 1186 2016 6.
1239 1985 1245 1995 ·

831 1283 1013 1371 Sapientior
1033 1285 1160 1350 diuinae
1175 1287 1288 1390 origo,
1304 1311 1380 1373 pre

885 1374 1026 1460 prietes,
1042 1374 1129 1450 tam,
1145 1390 1175 1440 οι
1187 1376 1324 1440 metuas.

245 2033 340 2118 guiue
367 2051 422 2104 tuo
452 2061 491 2104 ex
518 2041 604 2105 omni
628 2041 732 2119 tribu,
754 2053 786 2108 et
872 2036 1037 2103 Custodite
1063 2045 1139 2128 ergo
1167 2040 1267 2104 verba
1286 2042 1370 2128 pacti

245 2121 373 2212 linguti,
390 2139 422 2194 et
437 2127 576 2218 populo,
594 2141 626 2194 et
641 2131 783 2207 natione,
828 2125 944 2213 hujus,
960 2138 992 2191 et
1011 2127 1141 2216 implete
1155 2151 1214 2192 ea:
1228 2128 1370 2194 utintel-
1442 2161 1445 2209 j

243 2223 304 2288 etc.
325 2215 426 2306 Aper.
447 2219 477 2282 5.
498 2241 528 2306 9.
544 2218 632 2283 Vide
646 2243 672 2283 e.
701 2242 727 2285 1.
750 2221 781 2286 5.
826 2212 929 2368 ligatis
956 2216 1118 2293 universa,
1152 2239 1222 2306 quae
1255 2217 1367 2284 facitis.

825 2303 846 2369 1
871 2304 953 2369 ada
981 2353 989 2369 .
1028 2354 1035 2369 .

422 2384 601 2439 ⁸AP¹¹³Nl¹t·
873 2329 1025 2458 [11111191119
1036 2400 1056 2458 o
1080 2393 1233 2483 sapientia
1254 2397 1375 2462 veuit?

825 2493 858 2546 ot
873 2484 944 2569 quis
959 2495 1006 2547 est
1017 2420 1115 2549 locus
1130 2483 1233 2548 intell'
1255 2486 1376 2550 entiae?

826 2572 1020 2637 Abscondita
1048 2585 1096 2636 est
1116 2572 1156 2635 ab
1177 2508 1278 2639 vellis
1300 2598 1375 2639 oru-

286 2651 370 2717 Ecce
386 2652 481 2717 timor
492 2651 639 2729 Domini,
654 2653 719 2739 ipsa
735 2653 784 2717 'est
826 2659 915 2725 nium
927 2660 1102 2725 viventium
1112 2712 1121 2735 ,
1132 2659 1279 2727 volueres
1295 2686 1375 2750 quo—

242 2741 396 2827 sapieutia
411 2766 419 2806 :
434 2754 465 2807 ot
478 2742 661 2807 recederet
678 2741 782 2820 malo,
825 2772 887 2837 que
899 2747 967 2814 caeli
979 2747 1074 2825 latet,
1087 2762 1148 2815 ete.
1164 2749 1297 2815 11118.
1315 2774 1370 2817 ao.

240 2828 459 2917 intelligentia.
474 2830 538 2894 Jot
556 2834 607 2895 28.
625 2833 676 2895 28.
828 2861 878 2902 ar.
900 2840 940 2901 Et
957 2835 1036 2902 dixit
1055 2838 1177 2905 homini
1196 2862 1205 2903 ε
1224 2841 1310 2905 Ecce
1331 2843 1375 2906 ti-

270 2918 783 3005 Quiseapieus,etcustodietlnaec?
824 2917 1032 2992 morilomiui
1047 2928 1115 3016 ipsa
1131 2938 1178 2992 ert
1192 2927 1373 3016 sapientia:

239 3018 271 3069 et
287 3004 441 3093 intelliget
459 3006 690 3074 misericordias
716 3010 783 3075 Do·
824 3029 856 3079 et
872 3015 1023 3080 recedere
1039 3022 1056 3081 11
1073 3014 1173 3090 malo,
1186 3016 1374 3105 intelligen-

239 3094 341 3157 rnini?
356 3094 444 3160 Paul.
470 3096 539 3161 106.
558 3098 613 3175 45.
824 3106 878 3169 tia.
897 3128 930 3168 a.
952 3107 1003 3168 28.
1025 3104 1152 3170 Video.
1175 3126 1221 3168 ra.
1243 3106 1314 3166 ὑπὸ
1324 3108 1372 3170 ab

284 3181 414 3247 luitium
432 3184 595 3271 sapientire
611 3184 706 3251 timor
721 3186 783 3251 Do·
823 3192 993 3259 tranversa
1006 3202 1106 3281 aeqtre
1120 3192 1163 3257 ad
1175 3190 1287 3278 fimm.

238 3271 327 3337 mini.
364 3272 453 3337 Psat.
499 3296 569 3339 rao.
611 3296 660 3339 10.
696 3275 783 3342 Item
868 3281 1044 3369 Sperabam
1066 3283 1167 3356 euim,
1188 3278 1273 3366 quod
1287 3292 1371 3347 aetas

238 3360 338 3425 Pron.
362 3385 389 3425 1.
418 3386 447 3448 7.
467 3377 497 3426 et
512 3386 539 3427 e.
559 3386 591 3451 9.
622 3387 671 3429 ιο.
695 3366 784 3431 Item
823 3369 976 3460 prolixior
994 3370 1197 3459 loqueretur,
1220 3381 1253 3433 et
1267 3392 1370 3435 auno-

237 3448 343 3531 Eaeli.
363 3474 390 3515 1.
411 3451 459 3515 16.
475 3467 505 3515 et
520 3475 547 3516 o.
572 3476 621 3539 ¹9·
642 3456 690 3518 18.
824 3484 896 3524 rum
912 3459 1083 3525 multitudo
1102 3459 1233 3525 doceret
1247 3460 1374 3548 sapien-

284 3535 348 3615 Qui
376 3540 514 3605 custodit
543 3539 670 3629 legem,
698 3541 782 3608 lilius
824 3547 1088 3614 remititte.
1110 3572 1140 3635 7.
1160 3549 1374 3617 Videamus

238 3624 362 3712 sepiens
378 3640 434 3693 ost.
450 3630 550 3697 Prae.
573 3632 624 3717 2⁸
646 3654 674 3716 7.
822 3654 995 3724 sequenter.

283 3710 347 3778 Cor
368 3718 518 3806 sapientis
544 3716 729 3807 intelligitur
749 3719 782 3783 in
870 3725 984 3792 Utilior
999 3737 1046 3793 oet
1061 3726 1218 3814 sapientia
1233 3748 1312 3792 oum
1327 3724 1373 3791 di-

237 3804 387 3893 sapieutit
400 3858 408 3883 ‚
422 3819 453 3872 et
470 3806 554 3873 auris
572 3808 655 3871 bona
675 3808 782 3873 audiet
823 3814 922 3893 vitiis,
935 3828 967 3879 et
975 3816 1074 3903 magis
1085 3815 1218 3902 prodest
1233 3813 1371 3881 videnti·

237 3915 312 3959 cum
337 3896 424 3961 omni
451 3897 706 3985 concupiscentie
730 3921 781 3963 sa·
823 3901 1005 3969 bessalem.
1023 3904 1216 3969 Sicutenim
1232 3904 1371 3992 protegit

260 3983 398 4050 lentiam.
420 3984 551 4075 Sapiens
566 4010 624 4052 cor
639 4000 670 4051 rt
687 3986 781 4052 intel·
823 3994 976 4082 sapientia
987 4045 995 4070 ,
1006 3989 1130 4081 sieprot
1171 3992 1196 4056 it
1206 3994 1343 4080 pecunia
1358 4016 1368 4055 τ

236 4006 355 4158 ligibile
368 4074 539 4143 abstinebit
554 4078 780 4165 sedpeoeatis,
824 4081 887 4149 hoo
903 4094 1010 4149 autem
1030 4080 1102 4171 plus
1117 4016 1217 4148 latitet
1231 4079 1374 4148 enaditio

331 2520 505 2609 Sapientia
519 2545 600 2587 vera
611 2544 692 2607 que.
