2967 4675
213 374 251 419 to
457 352 543 419 MAR
1015 342 1103 410 Mttt

257 462 359 547 Usque
383 462 414 524 in
440 474 563 549 tempus
579 460 747 536 sustinebit
788 469 841 521 lul·
851 480 940 545 ⁸11⁰ae
952 508 960 532 .
973 480 1043 543 (1¹1ae
1058 457 1117 522 Sub
1130 455 1214 522 0oe10
1229 469 1326 533 ΜΝ,

208 550 349 637 patiens,
365 561 397 613 et
420 558 527 635 postea
548 549 681 616 redditio
694 546 746 640 jd·
789 546 820 609 ln
844 544 951 611 locum
974 569 1073 611 unum
1093 569 1100 610 τ
1120 556 1153 609 et
1176 559 1328 633 appareat

209 636 508 703 eunditatis.Eoeli.
534 663 559 703 1.
588 664 640 727 99.
741 658 742 661 ’
789 633 886 699 arida.
902 634 942 698 Et
953 634 1072 699 laetum
1087 646 1134 698 est
1146 634 1199 698 itt.
1219 636 1258 698 Et
1271 656 1328 699 vo-

254 726 342 790 Beati
371 729 482 803 mites,
513 730 662 816 quonitm
688 730 750 815 ipsi
788 723 1328 798 cavitlleusaridom,terram,eon·

208 814 413 903 possidebunt
429 828 557 882 terram.
573 815 691 884 Manet.
712 818 742 881 5.
789 811 1325 900 gregationesqueaquarumappel·

207 906 239 981 4.
255 904 288 966 V
289 903 341 968 ida
352 905 440 970 Psat.
464 906 515 970 56.
540 930 588 971 ιι,
789 898 863 969 lavit
878 901 986 966 marie.
1003 902 1084 965 Gen.
1104 922 1131 964 r.
1146 923 1177 987 9.
1198 922 1246 965 ιο.

253 989 367 1057 Tollite
389 993 499 1081 jugum
521 990 629 1059 meum
652 1018 748 1082 super

208 1102 263 1144 vos
275 1130 284 1157 ,
297 1092 328 1145 et
341 1081 452 1147 discite
467 1089 484 1147 5
497 1106 548 1149 me
560 1134 569 1158 ‚
582 1084 655 1171 quia
664 1084 748 1151 mitis

208 1192 296 1244 sum,
309 1182 341 1234 et
352 1169 480 1235 humilis
499 1172 596 1237 e‘orde
616 1196 624 1237 ε
648 1184 679 1236 et
697 1173 747 1236 in·
817 1172 1328 1261 Terminumoireumdeditaquis,

208 1258 338 1323 venietis
349 1262 489 1346 requiem
506 1260 671 1327 animabus
679 1284 745 1325 ves·
790 1268 889 1349 usque
905 1262 981 1326 ditm
993 1256 1145 1327 liniantur
1162 1262 1216 1327 lux
1229 1276 1262 1327 et
1280 1275 1330 1328 te-

208 1346 274 1411 tris.
290 1345 379 1411 lttd.
403 1370 455 1415 ιι.
477 1372 528 1434 99.
789 1350 906 1417 nebrae.
921 1350 984 1415 lot
1004 1353 1055 1416 26.
1080 1374 1128 1415 ro.
1147 1351 1233 1416 Vide
1245 1352 1324 1417 Gen.

253 1434 391 1501 Fructus
408 1451 514 1502 autem
529 1437 664 1525 Spiritds
680 1450 744 1503 est:
795 1464 821 1505 r.
836 1464 868 1527 9.

207 1523 339 1600 caritas,
357 1527 505 1613 gaudium
517 1576 525 1600 ,
538 1550 610 1613 pax,
628 1528 748 1615 patien-
834 1528 973 1612 Quando
996 1528 1136 1617 ponebat
1154 1526 1267 1615 pluviis
1281 1528 1330 1593 lo-

204 1613 269 1688 tia,
293 1614 490 1705 benignitas,
513 1614 655 1691 bonitas,
677 1614 749 1679 lon·
790 1641 883 1705 gem,
898 1630 930 1681 et
947 1618 1029 1682 eiam
1049 1615 1196 1706 procellis
1212 1640 1329 1682 sonan-

206 1703 389 1788 ganimitas,
406 1704 637 1780 mansuetudo,
651 1704 747 1780 fides,
789 1708 883 1773 tibus.
897 1706 918 1771 l
922 1706 988 1770 bid.
1004 1710 1057 1772 28.
1074 1708 1125 1775 96.

207 1790 382 1866 modestia,
411 1794 622 1867 continentia,
652 1794 749 1861 casti·
836 1794 973 1875 Quandb
1003 1794 1223 1861 circumdabat
1248 1793 1330 1859 mari

208 1889 265 1941 tas.
292 1877 448 1945 Adversus
477 1879 659 1965 hujusmodi
683 1904 749 1945 non
791 1886 964 1949 terminum
976 1906 1088 1959 suurn,
1105 1897 1138 1948 et
1155 1884 1256 1972 legem
1271 1906 1330 1972 po·

135 2016 136 2026 ,
207 1977 254 2030 est
266 1964 326 2037 lex.
337 1968 445 2034 Galat.
466 1970 496 2033 5.
519 1990 569 2031 22.
591 1970 642 2033 95.
663 1969 750 2033 Vide
790 1974 887 2037 nebat
898 1975 1005 2061 aquis,
1020 1996 1061 2038 ne
1071 1974 1242 2038 transirent
1253 1972 1333 2037 fines

208 2078 234 2118 e.
254 2056 285 2119 6.
310 2079 335 2121 1.
791 2086 875 2126 suos.
890 2064 989 2128 Proe.
1010 2066 1041 2126 8.
1063 2084 1113 2149 99.

253 2142 395 2210 Obsecro
410 2140 750 2233 itaquerosegovino·
895 2192 990 2260 Cedit
1013 2192 1096 2281 filiis
1114 2191 1223 2257 Imp!

207 2244 258 2297 tus
274 2232 306 2299 in
322 2234 477 2310 Domino,
488 2234 750 2322 utdigneambu-
1222 2238 1230 2255 ⁹

207 2318 278 2386 letis
290 2323 477 2400 vocatione,
493 2330 554 2410 qua
580 2324 681 2388 vocati
698 2347 751 2388 es·
837 2328 982 2415 cumque
1002 2323 1193 2392 extendisset
1209 2322 1332 2412 Moyses

208 2412 266 2486 ῑῑδ.
289 2435 365 2478 cum
388 2414 475 2487 (tmssl
500 2411 695 2487 humililate,
718 2423 750 2476 θῑ
792 2441 922 2483 manum
944 2441 1040 2504 super
1065 2437 1172 2488 mare,
1203 2409 1334 2478 abstulit

208 2501 472 2578 mansuetudine,
490 2501 748 2590 cumpatientisi,
792 2505 871 2572 illud
907 2507 1082 2579 Dominus,
1114 2503 1211 2568 flante
1239 2513 1332 2567 vento

823 1038 1041 1105 concluditur
1051 1039 1119 1104 suis
1127 1041 1288 1105 uminis.
1308 1112 1311 1117 ,

207 2603 430 2678 supportantes
442 2592 577 2656 invicem
592 2591 624 2655 in
634 2590 751 2656 carita·
792 2596 972 2662 vehementi
983 2606 1016 2658 et
1027 2606 1158 2666 urente,
1174 2599 1241 2658 tott
1254 2613 1333 2655 noo·
1433 2666 1436 2672 ¹

209 2691 259 2754 te,
275 2691 337 2744 eto.
357 2678 476 2768 Epltes.
495 2683 526 2760 4.
551 2703 577 2744 ι.
596 2702 625 2744 9.
793 2697 848 2761 te,
865 2696 898 2748 et
913 2683 1007 2748 vertit
1024 2683 1057 2747 in
1070 2680 1335 2746 siecumzdivisa-

253 2767 379 2834 induite
396 2775 542 2854 vosergb
557 2769 640 2833 siout
655 2766 769 2832 electi,
792 2797 856 2862 que
870 2785 919 2837 est
934 2795 1027 2860 aqua.
1046 2771 1155 2837 uxos.
1180 2773 1228 2848 ¹4·
1246 2791 1297 2832 21.

207 2855 287 2933 Dei,
312 2856 750 2932 saneti‚etdilecti‚viscera
1072 2909 1105 2973 b,
1140 2908 1181 2974 CI
1218 2910 1225 2926 ‚
1261 2910 1268 2925 .

208 2945 452 3022 misericordias,
499 2947 749 3034 benignitatem,
854 2912 997 2979 ‘mam‘
1010 2935 1070 2976 Μ
1093 2933 1120 2974 ⁸⁸
1180 2923 1277 2974 Μαι·

208 3032 445 3109 humilitatem,
467 3035 674 3110 modestiam,
694 3057 751 3121 pa·
839 3042 926 3124 Quid
949 3042 1051 3106 timidi
1080 3042 1175 3117 estis,
1202 3038 1337 3104 modicae

209 3122 374 3188 dentiam:
391 3157 394 3162 Δ
412 3135 635 3210 supportantes
675 3121 752 3186 invi·
794 3133 891 3200 fidei?
914 3133 1007 3197 Tunc
1029 3153 1179 3218 surgens,
1203 3130 1337 3216 impera.

209 3225 380 3287 cen1,etc.
398 3211 518 3276 Coloe.
539 3211 568 3276 5·
590 3235 638 3277 12·
663 3211 711 3275 ¹3·
794 3224 839 3288 vit
854 3222 955 3288 ventis
970 3232 1003 3283 et
1019 3221 1116 3296 mart,
1133 3231 1166 3284 et
1188 3219 1271 3283 faeta
1288 3227 1337 3280 est

253 3299 400 3367 Adfflfflle
424 3298 495 3364 lll⁰⁸
522 3340 564 3348 ·-
589 3299 752 3365 neminem
795 3310 1006 3400 tranquillitas
1022 3331 1148 3398 magna.
1162 3304 1281 3374 Meet.
1300 3306 1331 3367 8.

208 3386 450 3477 blasphemare,
464 3413 528 3454 non
541 3388 694 3478 litigiosos
706 3411 754 3452 es·
797 3404 848 3466 26,

210 3501 259 3553 se,
282 3477 340 3542 sed
355 3479 537 3552 modestos,
559 3498 753 3543 omnem‘os·
958 3508 1056 3553 „3313
1075 3508 1176 3549 meo.

132 3587 136 3596 ’
209 3567 379 3632 tendentes
403 3565 681 3645 mansuetudinem
713 3564 753 3631 ad
825 3605 939 3672 Maria
954 3603 1059 3694 Virgo
1074 3596 1311 3690 prauam

209 3678 322 3722 omnes
340 3655 504 3731 homines,
521 3656 587 3722 Tit.
609 3657 639 3722 5.
667 3678 694 3720 t.
720 3677 750 3720 9.
843 3696 845 3699 -

211 3743 299 3812 Vide
312 3745 400 3813 Tim.
421 3768 450 3811 2.
472 3749 523 3825 94.
546 3745 596 3810 95.
841 3737 1026 3802 Inimicitias
1037 3755 1154 3823 ponam
1166 3731 1248 3797 inter
1263 3741 1339 3795 teet

432 3877 514 3922 m„
796 3825 982 3900 mulierem,
1001 3836 1033 3888 et
1055 3845 1164 3888 semen
1187 3832 1279 3885 tuum
1305 3829 1339 3882 et

517 3905 525 3921 ’
797 3937 906 3980 semen
918 3911 1002 3977 illius
1021 3936 1029 3977 ε
1048 3913 1115 4001 ipsa
1127 3920 1271 3976 conteret
1282 3927 1337 4006 ea·

346 3967 441 4034 Mam
456 3983 595 4032 matur·
797 4014 855 4092 put
882 4014 993 4074 tuum.
1011 4015 1043 4066 et
1069 4014 1104 4066 tu
1140 3995 1338 4065 insidiaberis

258 4103 342 4169 Dixit
355 4109 428 4169 verb
438 4101 523 4168 Deus
536 4126 543 4164 :
556 4101 756 4186 (199999999-
798 4089 948 4159 caleaneo
960 4091 1039 4190 ejus..
1060 4091 1171 4156 Gener.
1187 4087 1218 4150 5.
1242 4083 1289 4150 15.
