2967 4675
367 329 444 396 SAG
941 333 1022 398 SAC
1201 331 1265 422 549

131 443 161 506 6.
179 441 298 506 damas
310 465 437 532 quoqne
449 441 560 507 dexter
571 441 610 506 de
619 465 670 531 pa·
717 441 799 507 sieut
817 442 971 530 seriptum
993 454 1043 508 est
1066 430 1103 508 in·
1118 441 1205 532 iege,
1231 459 1264 511 et

125 531 301 597 'cificorum
313 533 440 607 hostiis,
454 530 547 598 cedet
563 531 595 596 ia
610 531 678 619 pri·
717 532 876 621 primitiva
899 531 998 597 boum
1014 543 1198 598 nostrornm
1209 586 1218 610 ,
1231 549 1265 601 ot

130 621 240 685 mitias
261 619 444 686 sacerdotis.
463 645 497 686 e.
518 621 570 685 59.
593 618 680 685 Vide
718 622 825 687 ovium
844 634 1040 698 nostrarum,
1058 633 1093 686 ut
1108 619 1265 688 91199999-1

131 725 241 775 totam
263 725 377 800 eaput.
400 709 488 776 Item
510 733 537 774 9.
561 733 599 775 ιο
627 711 675 775 15.
718 723 771 776 tur
785 711 818 776 in
830 711 926 776 domo
938 711 997 777 Dei
1014 711 1130 790 nostri,
1143 710 1263 803 affere-

130 817 159 865 et
170 823 199 865 9.
220 802 273 880 94.
291 824 321 887 9.
717 823 792 866 mus
810 799 1052 877 sacerdotibus,
1075 801 1130 889 qui
1153 803 1265 868 minis-

174 889 340 977 Dahisque
351 887 520 977 pecaniam
529 886 636 952 Aaron
648 899 680 952 et
718 901 806 954 trent
824 891 857 954 ia
873 889 969 954 domo
988 891 1046 955 Dei
1068 892 1178 956 nostri.
1197 902 1263 958 etc.

130 975 472 1066 tiliisejus,paetium
493 999 606 1042 eorum
625 977 679 1065 qui
721 1001 751 1044 9.
781 978 881 1044 Esdr.
913 1002 961 1045 ιο.
990 980 1042 1045 56.
1068 979 1155 1046 Vide
1175 996 1206 1046 et
1226 989 1260 1046 v‘.

130 1077 230 1156 supra
252 1081 337 1132 suat.
353 1067 454 1135 Num.
477 1067 506 1131 5.
524 1063 681 1148 ddi'ide
721 1069 775 1156 57.

130 1181 156 1222 c.
190 1155 519 1247 1879919911999.
548 1179 575 1222 1.
598 1155 676 1246 Reg.
766 1158 806 1220 Et
835 1153 958 1221 addidit
992 1155 1106 1239 (Dens
1127 1160 1140 1244 1
1159 1158 1267 1225 Aaron

134 1269 163 1311 9.
179 1249 235 1310 98.
721 1244 874 1334 gloriam,
890 1257 923 1309 et
938 1245 1027 1309 dedit
1042 1244 1266 1312 11Ιί5999689-

177 1333 302 1400 Omnes
339 1357 402 1422 quo
425 1355 466 1398 ue
508 1331 680 1422 primitiae,
723 1347 809 1409 tem,
825 1346 857 1397 et
892 1333 1270 1424 rimitiassragamterrse

133 1447 214 1512 ques
244 1422 383 1489 offerunt
404 1357 466 1487 dlii
496 1419 617 1497 lsna'e'l,
642 1417 682 1485 ad
724 1422 830 1487 divisit
843 1359 900 1487 ilii.
925 1421 1045 1487 Panem
1061 1424 1137 1512 ipsis
1151 1423 1183 1489 in
1203 1425 1269 1512 pri—

132 1512 335 1579 saceadotem
347 1511 525 1600 pertinent:
545 1522 578 1573 et
589 1509 684 1598 quid·
724 1512 783 1576 mis
799 1506 922 1600 paravit
934 1512 965 1575 in
982 1511 1161 1576 satietatem
1177 1537 1271 1580 :nam

134 1602 215 1690 quid
231 1602 262 1668 in
281 1599 508 1667 sanctuarium
520 1598 683 1663 assertura
726 1613 759 1664 et
766 1599 923 1665 sacrificia
931 1601 1059 1665 Domini
1073 1601 1186 1676 edent,
1201 1627 1271 1691 quas

134 1687 290 1780 singulis,
318 1703 350 1755 et
374 1688 513 1753 traditur
534 1687 684 1752 manibus
726 1688 815 1754 dedit
828 1687 934 1766 illi‚et
944 1690 1056 1755 semini
1067 1691 1146 1778 ejas.
1163 1692 1267 1758 119911.

133 1775 681 1867 9999ιι1ο119,1791999ιίῐ.16515.
726 1781 781 1858 45.
803 1779 854 1844 95.
872 1781 923 1845 96.
942 1778 1027 1844 Vide
1044 1804 1070 1845 ι.
1083 1781 1151 1846 Cor
1162 1806 1193 1870 9.
1218 1782 1267 1846 15.

159 1918 167 1935 .
195 1893 245 1934 ιο.

134 1894 155 1956 9
184 1957 258 2023 Non
275 1954 443 2022 habebunt
458 1955 637 2020 sacerdotes
653 1966 685 2019 et

134 2045 258 2111 Levitae
268 2097 277 2122 ,
289 2057 321 2110 et
333 2045 507 2132 omnesqui
520 2043 560 2110 de
571 2044 684 2110 etdem

137 2134 229 2199 trihu
246 2147 339 2210 sant,
356 2146 480 2222 partem
502 2132 685 2200 9119999961-

725 1913 917 1982 Sacerdotes
937 1931 969 1979 et
988 1916 1140 1982 ministri
1156 1916 1275 1983 demde

770 2005 833 2071 Dei
842 2004 1157 2097 nuliumveetigalet
1168 2008 1273 2072 tribn-

771 2110 841 2159 tum
852 2094 933 2159 dare
944 2093 1069 2160 debent.

57 2223 58 2226 ’
135 2235 240 2288 tatem
256 2246 330 2290 eam
343 2221 466 2328 reliqao
480 2221 596 2298 199961,
609 2222 684 2310 quia
768 2222 866 2291 Vobis
874 2247 1002 2314 qaoque
1010 2238 1125 2292 notum
1135 2226 1271 2294 iacimus

136 2311 294 2379 sacrificia
308 2311 449 2390 Domina,
463 2309 684 2378 etoblationes
726 2313 766 2380 de
788 2314 943 2381 universis
973 2315 1212 2393 sacerdotibus,
1241 2329 1273 2383 et

137 2402 207 2492 ejus
231 2399 421 2480 comedent,
446 2414 478 2467 et
497 2399 576 2466 nihil
597 2398 685 2466 aliud
710 2402 843 2469 'Levitis
855 2455 864 2481 ,
877 2416 909 2468 et
926 2405 1132 2479 cantoribus,
1146 2417 1178 2471 et
1190 2406 1274 2495 jani-

138 2490 685 2581 aeeinientdepossessionefratrum
725 2493 866 2563 toribus.
893 2492 1084 2567 Nothinaeis,
1107 2505 1140 2557 et
1162 2494 1275 2558 minis-

139 2604 270 2647 saoaum
281 2604 289 2647 ι
301 2580 458 2646 Dominus
470 2580 686 2668 enimipseest
726 2583 783 2648 tris
796 2581 910 2647 domds
926 2581 984 2646 Dei
996 2579 1111 2669 hujus,
1124 2593 1161 2645 ut
1176 2583 1276 2647 veeti-

140 2668 308 2737 haereditas
320 2692 451 2746 eorum,
465 2668 547 2735 sient
560 2666 685 2734 locutus
727 2669 797 2759 gal,
814 2681 847 2734 et
861 2668 1039 2744 tributum,
1062 2679 1094 2733 et
1111 2691 1276 2747 annonas,

140 2772 185 2825 est
198 2759 274 2826 illis.
289 2760 385 2825 Dent.
407 2760 455 2823 ι8.
481 2780 507 2822 ι.
529 2780 558 2823 9.
577 2772 682 2844 etseq.
728 2782 794 2824 non
810 2755 953 2822 habeatis
965 2768 1156 2845 potestatem
1172 2758 1277 2846 impo-

142 2847 170 2910 V
171 2850 226 2915 ide
242 2864 272 2914 et
287 2873 315 2913 e.
340 2871 388 2913 ι9.
412 2870 460 2935 ¹9·
728 2846 826 2915 nendi
838 2868 935 2939 super
945 2868 1009 2911 eos.
1025 2869 1052 2911 ι.
1064 2846 1165 2912 Esdr.
1177 2871 1208 2934 7.
1223 2851 1273 2928 94.

181 2938 357 3005 Pecuniam
377 2942 453 3001 verb
470 2959 528 3024 pao
547 2933 685 3012 delicto,
773 2936 812 3003 ln
838 2935 927 3001 omni
951 2936 1069 3001 virtute
1098 2943 1153 3002 tua
1181 2935 1277 3028 dilige

143 3038 171 3089 et
204 3027 357 3093 eeuninm
372 3048 432 3115 pro
447 3024 686 3114 peccatis,non
729 3049 804 3092 enm
825 3025 881 3113 qui
902 3037 934 3090 te
951 3024 1045 3095 fecit:
1063 3038 1096 3091 et
1116 3026 1279 3094 ministros

143 3052 365 3181 inddrebantin
374 3113 529 3205 templum
542 3112 685 3189 Domini,
730 3114 801 3203 ejas
821 3138 864 3179 ne
883 3112 1094 3203 derelinquas.
1117 3116 1222 3183 119911.
1244 3143 1275 3205 7.

145 3205 212 3291 quia
231 3202 436 3271 sacerdotum
450 3214 529 3269 erat.
549 3204 580 3282 4.
606 3202 684 3293 Reg.
732 3205 785 3269 59.
801 3201 888 3268 Vide
898 3219 1048 3270 eteersus
1058 3221 1233 3293 sequentes.

151 3314 194 3359 ¹2·
213 3294 265 3359 ¹⁶·
730 3337 949 3405 Sacerdotem
971 3340 1051 3431 tegis
1065 3342 1281 3416 indum,

185 3381 341 3471 Pfaeffli>it
362 3381 458 3447 “iiam
479 3376 686 3467 (mm)
791 3429 1242 3521 ornamentaetordinatio.}

150 3471 262 3561 populo
275 3470 487 3535 habitantium
496 3464 689 3547 densasalem,

153 3571 180 3623 at
192 3562 308 3627 darent
323 3570 429 3649 partes
447 3554 688 3633 sacerdotibus,
772 3555 1284 3648 Describuntnrpontifieatiain·

151 3660 177 3711 et
197 3649 335 3725 Levitis,
365 3660 400 3712 at
423 3656 552 3737 possent
577 3669 691 3712 vacare
734 3644 892 3711 dumento
904 3647 1117 3722 Aaroais,et
1134 3650 1285 3736 filioram

150 3732 205 3826 legi
214 3738 353 3806 Domini.
366 3760 395 3803 9.
406 3738 486 3803 Par.
498 3738 551 3801 5ι.
563 3737 593 3815 4.
607 3736 693 3801 Vide
705 3788 707 3793 2
735 3738 817 3823 ejus.
833 3735 944 3801 asoa.
956 3760 983 3801 c.
1001 3738 1053 3802 98.
1070 3734 1191 3803 199999.
1210 3738 1261 3823 59.

152 3844 177 3891 et
191 3857 223 3896 o.
250 3854 299 3918 ¹9·
320 3829 408 3895 Item
429 3850 455 3891 1.
479 3828 559 3892 Par.
576 3825 606 3891 ti.
634 3826 687 3905 64.
780 3823 845 3889 Sed
860 3836 894 3890 et
905 3823 968 3890 hoe
979 3824 1074 3892 facies
1087 3876 1095 3901 ,
1110 3836 1145 3889 ut
1161 3825 1238 3889 mihi
1252 3826 1285 3889 in

160 3938 182 3979 ¹·
200 3920 307 3986 11991.
332 3940 381 3983 ιο.
399 3918 452 3997 49.
735 3914 916 3979 sacerdotio
940 3925 1171 3984 consecrentur
1189 3912 1286 3998 (Aa-

193 4006 399 4099 Etprimitiva
416 4004 556 4071 {iliorum
571 4015 692 4069 nostro·
734 4025 799 4066 ron
814 4018 845 4066 et
867 4000 936 4088 fittt
950 4004 1021 4089 ejas
1043 4006 1068 4091 ).
1091 3998 1182 4065 Tolle
1202 4000 1285 4065 vita-

157 4116 236 4171 rum.
262 4109 295 4163 et
314 4118 467 4186 pecorum
488 4106 692 4164 nostrorum,
737 4088 852 4154 inmde
865 4102 1070 4165 armento,et
1083 4087 1288 4156 arietesduos
