2967 4675
357 340 438 409 PER
933 339 1014 407 PER
1195 345 1255 432 sip

166 454 302 545 Superbi
322 456 430 543 inique
456 453 593 543 agebant
613 477 668 521 us·
710 455 899 531 tradentur,
916 467 950 519 et
959 456 993 521 in
1005 454 1171 544 iniquitate
1182 466 1257 533 sut.

120 568 336 633 quequaque:
361 552 379 609 e
401 543 430 609 le
451 568 470 609 e
492 555 600 609 autem
617 548 669 607 tua
711 568 806 635 quam
823 568 843 609 o
866 556 973 610 eratus
984 557 1050 621 est,
1067 546 1101 611 in
1112 547 1180 635 ipsi
1192 570 1260 613 mo—

125 634 299 722 (Domine)
318 568 561 701 nondeilinavi.
577 632 667 698 Psoi.
712 634 821 699 rietur.
840 567 931 699 ibid.
954 634 1006 699 53.
1030 635 1079 700 15.

128 726 199 789 118.
221 725 272 789 51.
756 723 848 796 Socii
854 722 1007 789 Danklis
1015 738 1202 789 wmtanm
1212 722 1262 787 di·
1371 782 1375 789 .

179 812 225 877 Ne
247 810 404 880 aemuleris
417 810 577 875 hominem
592 808 672 896 inju-
713 813 915 902 maruatregi
922 811 1102 902 Babylonis
1113 835 1126 876 .·
1141 812 1260 879 Notum

126 911 230 975 stum,
253 924 313 967 nec
329 900 460 965 imiteris
482 898 547 963 vias
562 898 632 985 ejus
661 921 669 962 :
713 901 752 965 sit
761 900 816 966 tibi
828 950 838 977 ,
851 924 927 976 rex,
940 901 1013 987 quia
1023 900 1100 967 deos
1108 912 1182 965 tuos
1192 913 1260 966 non

128 989 197 1075 quia
212 990 405 1055 abominatio
413 987 540 1054 Domini
549 999 597 1051 est
605 1010 671 1053 om·
714 987 868 1066 colimus,
890 1001 922 1054 et
941 1000 1079 1066 statuam
1098 1012 1258 1066 auream,

127 1078 174 1141 nis
187 1076 308 1145 illusor.
328 1078 428 1143 Prae.
449 1078 479 1141 ὅ.
500 1078 552 1141 51.
571 1076 623 1141 52.
649 1124 655 1141 .
714 1101 810 1165 quam
821 1078 946 1144 erexisti
959 1127 972 1152 ,
990 1101 1056 1143 non
1071 1078 1255 1145 adoramus.

156 1164 479 1233 ‚Nonaemuletureor
497 1177 672 1254 tuumpec-
715 1168 807 1233 Dan.
824 1167 855 1232 5.
877 1169 927 1233 18.
996 1168 1005 1179 ⁰

128 1266 251 1323 catores
269 1279 277 1320 :
295 1254 354 1321 sed
365 1255 398 1320 in
414 1253 529 1319 timore
541 1253 670 1319 Domini
758 1254 1157 1321 Noniatermioitiianiet
1164 1279 1261 1345 prop·

130 1354 196 1409 asto
226 1352 292 1409 totu
322 1344 373 1409 die
402 1366 411 1407 ι
440 1342 514 1428 quia
539 1342 673 1407 habebis
717 1359 767 1409 ter
794 1343 924 1409 crudete
950 1342 1115 1408 &eretum
1134 1344 1261 1419 Darii,
1307 1373 1310 1378 ¹

129 1455 212 1520 spem
229 1434 263 1498 in
285 1430 474 1507 novissimo,
499 1442 529 1494 ct
547 1442 674 1517 praesto·
716 1433 803 1518 quin
820 1445 930 1495 oraret
953 1446 1002 1496 ter
1023 1433 1062 1495 in
1079 1433 1155 1505 ctis,
1181 1434 1265 1497 siem

128 1516 201 1587 latio
221 1534 362 1587 tuanen
381 1518 554 1595 auferetur.
581 1518 671 1583 ltict.
716 1527 795 1584 ante
810 1534 1043 1598 emanaverat,
1067 1534 1098 1584 et
1112 1519 1266 1585 aderas-et

130 1610 181 1675 25.
206 1635 255 1696 ¹7·
281 1612 331 1674 18.
717 1608 905 1672 Dominam
920 1608 1030 1673 Deum
1045 1631 1152 1674 mum.
1170 1608 1260 1675 Isia.

170 1698 324 1787 Deprimc
340 1707 526 1771 cortuum,
551 1705 584 1758 et
607 1716 677 1758 sus-
723 1697 821 1762 6.10.

128 1788 222 1853 tine:
248 1785 366 1853 inclina
382 1806 493 1851 aurem
518 1794 624 1859 tuem,
647 1794 679 1847 et
732 1864 735 1871 Ι
765 1783 961 1849 Cmutaater
975 1787 1095 1851 restitit
1109 1784 1265 1851 Susanna

128 1876 258 1963 suscipe
284 1873 382 1939 verbe
410 1869 620 1937 intellectus:
646 1883 678 1936 et
718 1872 845 1939 daweus
855 1873 1032 1962 impudicis
1045 1874 1191 1951 senibus,
1205 1877 1265 1959 qui

130 1986 174 2027 ne
190 1962 320 2029 festines
342 1962 373 2027 in
393 1975 538 2049 tempore
559 1959 677 2025 obduo
717 1986 792 2027 eam
812 1968 883 2029 tam
901 1962 1084 2029 adamanti
1103 1964 1264 2030 sollicita-

132 2050 239 2117 tionis.
275 2048 401 2117 Sustine
435 2048 676 2115 sustentationes
717 2051 995 2117 remanebant.
1006 2051 1097 2119 loia.
1116 2055 1165 2119 13.
1185 2074 1236 2119 so.

129 2140 189 2205 Dei
208 2163 217 2205 :
235 2141 430 2229 conjungere
445 2138 533 2213 Deo,
550 2151 582 2202 et
604 2162 667 2203 sus
761 2140 801 2203 Et
816 2139 906 2205 multi
919 2140 958 2207 dc
972 2139 1198 2231 populeisrae'l
1209 2141 1262 2207 de-

130 2229 216 2305 tine,
245 2240 280 2293 ut
311 2240 432 2295 crescat
452 2228 484 2292 in
505 2227 674 2293 novissimo
716 2227 867 2293 finierunt
881 2232 964 2319 apud
981 2255 1034 2307 se,
1051 2243 1164 2295 utnon
1174 2254 1263 2295 men-

130 2319 191 2384 rite
207 2331 285 2394 tua,
310 2328 372 2384 etc.
396 2316 504 2383 Eccti.
530 2340 558 2382 e.
587 2339 615 2382 e.
640 2316 670 2381 5.
717 2318 871 2385 ducerent
888 2318 1079 2386 immunda:
1101 2331 1133 2385 ct
1154 2317 1205 2386 ele
1244 2358 1262 2370 -

129 2431 187 2495 per
202 2423 306 2474 totum
322 2409 440 2495 Caput.
717 2420 791 2473 runt
821 2409 920 2496 mordis
941 2411 1042 2485 mori,
1065 2419 1202 2496 quamc
1237 2411 1263 2474 is

176 2495 375 2564 Sacrificium
407 2495 481 2582 justi
508 2507 676 2584 acceptum
717 2496 1108 2583 coinquinariimmuudis.
1124 2496 1258 2566 ratast.

134 2596 207 2662 est,
232 2597 265 2650 et
289 2585 479 2650 memoriam
505 2583 575 2670 ejus
611 2607 676 2648 non
722 2609 749 2650 r.
768 2587 822 2651 65.

133 2671 335 2742 obliviscetur
376 2673 542 2738 Dominus.
582 2671 673 2738 Ibid.
761 2675 893 2740 Mirans
911 2674 1132 2738 constantiam
1148 2688 1178 2736 et
1193 2695 1265 2761 per·

136 2763 187 2828 35.
203 2787 235 2851 9.
718 2762 941 2828 reverentiam
951 2759 1069 2828 imbuit
1083 2761 1264 2827 Eleazarus

177 2850 212 2918 Si
235 2864 342 2919 sutem
358 2849 509 2916 everterit
524 2873 557 2914 se
577 2849 678 2935 justus
720 2853 759 2916 in
781 2851 967 2929 mmeritis,
997 2865 1028 2915 ot
1043 2849 1152 2940 magis
1168 2849 1263 2940 elegit

134 2941 287 3027 tinstitit
304 2945 379 3016 sua,
396 2951 428 3004 et
443 2939 554 3005 fecerit
567 2937 612 3004 ini
635 2938 679 3003 ui-
720 2941 948 3008 erudctissirna
982 2955 1088 3004 morte
1117 2939 1261 3028 puniri,

135 3041 232 3096 tatem
262 3028 439 3102 secundum
467 3051 577 3094 omnes
604 2961 678 3094 sisa
720 3036 821 3114 quam
854 3046 971 3095 eontra
1007 3030 1108 3120 legem
1147 3053 1262 3096 earnes

136 3119 345 3194 minutiones,
362 3140 440 3206 quas
458 3117 581 3205 operari
600 3115 680 3182 solet
720 3119 813 3184 edere
828 3120 1004 3208 porcinae,
1029 3119 1084 3184 oet
1102 3119 1262 3187 stmatm

136 3208 272 3298 impius,
286 3206 430 3294 nunquid
443 3205 680 3272 vivetPOmnes
720 3230 754 3272 se
767 3209 949 3274 comedisse.
972 3232 1001 3274 s.
1020 3207 1131 3276 Meet.
1151 3209 1182 3273 6.
1208 3209 1258 3273 ι8.

138 3297 263 3384 justitias
280 3297 362 3384 ejus,
378 3294 602 3384 (putrefaceret,
615 3317 680 3360 nou
722 3294 810 3360 Vide
824 3312 853 3360 et
864 3319 976 3364 versus
986 3311 1160 3384 ecquem.

137 3385 416 3453 recordabuntur:
436 3385 469 3450 in
491 3383 671 3472 praevarica·
766 3385 895 3472 Septem
905 3387 1025 3473 fratres
1039 3385 1185 3474 sumpsit
1195 3406 1265 3450 ma·

141 3476 241 3552 tione,
255 3479 318 3563 qui
329 3473 553 3563 prevaricatus
569 3482 637 3547 est,
651 3483 683 3536 et
722 3489 772 3538 tre
785 3472 1158 3562 ieaaperseueraverunt
1167 3481 1266 3560 usqua

142 3562 173 3628 iu
188 3575 318 3652 peccato
334 3559 681 3649 suo‚quodpeceavit,
723 3563 763 3626 in
786 3561 910 3649 finem,
934 3587 993 3630 aec
1015 3578 1192 3652 potuerunt
1219 3562 1267 3628 ad

142 3651 172 3717 in
196 3651 268 3740 ipsis
290 3651 456 3718 morietur.
482 3647 599 3716 Escae.
630 3651 679 3714 18.
720 3653 1033 3740 prevaricationem
1050 3653 1129 3744 tegis
1141 3650 1267 3717 adduci

139 3743 192 3828 st.
725 3738 1262 3817 theatriis,oettormentis.1tta.

77 3849 80 3857 ’
180 3829 287 3896 Etiam
302 3829 329 3895 si
346 3828 456 3894 dixero
473 3827 559 3916 justo
597 3825 684 3915 quod
723 3845 998 3919 apportatum.

140 3920 199 3986 rita
220 3919 331 3994 viret,
356 3929 389 3984 et
408 3915 546 3984 confisus
567 3916 599 3982 in
614 3917 684 4005 jus·
769 3920 809 3985 Et
819 3919 907 3986 eritis
918 3917 994 3984 odio
1005 3916 1155 3984 omnibus
1167 3933 1266 4000 prop·

122 4009 206 4081 <siria
233 4015 289 4074 sua
322 4006 432 4076 feccrit
456 4006 681 4094 iniquitatem:
724 4018 773 4072 ter
791 4030 909 4072 nomen
927 4029 1036 4082 meum
1053 4029 1061 4070 :
1079 4002 1134 4091 qui
1157 4011 1264 4066 autem

142 4119 252 4165 omnes
281 4095 409 4184 justitie
438 4095 507 4182 ejus
533 4094 686 4162 oblivioni
723 4097 972 4182 perseveraverit
988 4097 1088 4179 usque
1101 4087 1263 4167 iniinem,
