2967 4675
230 247 295 316 aar
474 247 552 312 sau
1033 221 1122 309 sau

233 359 318 450 quod
342 357 467 423 loeutus
489 355 592 420 luerat
619 353 795 420 adverslas‘
814 357 854 421 ad
875 355 1078 422 Samuelem:
1103 357 1150 424 Ne
1172 379 1272 422 cesses
1294 379 1355 444 pro

124 441 128 448 ¹
231 446 383 538 populum
395 468 498 510 suum.
516 442 624 510 Exod.
643 443 694 509 52.
717 445 764 510 ι5.
813 444 905 510 nobis
936 445 1074 510 clamare
1108 445 1149 511 ad
1179 445 1350 510 Dominum

235 541 282 617 ι4.
352 606 356 614 ,
812 533 915 598 Deum
931 547 1093 609 nostrum,
1119 547 1153 598 ut
1174 532 1270 599 salvet
1287 557 1348 598 uos

273 623 551 690 Verumtamonin
575 621 687 686 diebus
706 622 768 686 tuis
811 623 851 687 de
880 647 978 688 manu
1009 622 1279 689 philisthinorum.
1317 647 1346 687 ι.

232 713 423 801 (Satanan)
443 735 506 777 non
524 711 656 788 faciam,
672 734 767 800 prop·
810 713 887 776 Ber.
910 739 939 799 7.
956 716 986 777 8.

226 817 276 868 ter
302 801 402 866 David
431 813 554 888 patrem
581 812 700 864 tuum:
727 799 766 864 de
798 864 801 869 ⁴
854 765 997 866 bhseero
1018 807 1094 890 ergb
1112 825 1186 875 vos,
1214 802 1350 870 fratres.

227 903 323 956 manu
349 889 406 955 filii
428 889 473 953 tui
500 887 642 954 scindam
666 887 764 964 illud,
807 912 865 976 per
883 891 1057 955 Dominum
1077 903 1220 955 nostrum
1236 891 1352 954 lesum

227 1003 286 1046 neo
310 991 413 1044 totum
440 1001 575 1066 reguum
601 977 763 1052 auferam,
809 977 991 1052 Christum,
1026 993 1058 1042 et
1091 1003 1149 1068 per
1182 979 1351 1044 caritatem
1443 1028 1444 1051 2

227 1069 282 1134 sed
304 1067 430 1138 tribum
460 1091 556 1132 uuam
588 1067 671 1131 dabo
699 1065 763 1131 salio
808 1066 916 1132 Sancti
945 1067 1099 1156 Spiritus,
1126 1080 1161 1132 ut
1189 1068 1349 1155 adjuvetis

225 1170 298 1234 tuo,
334 1170 466 1246 propter
502 1155 603 1220 David
636 1151 763 1220 servum
806 1179 856 1220 mo
878 1157 911 1221 in
935 1157 1130 1221 orationibus
1154 1157 1266 1222 vestris
1289 1180 1348 1246 pro

224 1270 350 1322 meum,
379 1259 411 1310 et
438 1243 635 1318 Jerusalem,
666 1267 762 1332 quam
804 1268 856 1308 me
868 1245 908 1309 ad
925 1245 1045 1320 Deum,
1063 1258 1099 1309 ut
1115 1245 1231 1312 liberer
1243 1249 1286 1312 ab
1302 1248 1349 1310 iu·

221 1335 315 1425 elegi.
330 1337 360 1400 5.
377 1335 453 1424 Bag.
475 1358 523 1399 ιι.
538 1357 586 1399 aa.
604 1335 652 1398 ι5.
663 1333 762 1398 Porro
804 1332 967 1410 fidelibus,
987 1335 1041 1422 qui
1060 1347 1133 1399 sunt
1154 1335 1188 1398 ia
1211 1334 1345 1408 Judaea,

222 1449 285 1492 una
306 1424 405 1490 tribus
425 1423 603 1488 remanebit
623 1421 651 1487 ei
672 1423 760 1508 (Sa-
803 1433 834 1485 et
847 1423 989 1511 obsequii
1001 1423 1062 1489 mei
1076 1423 1195 1489 oblatio
1211 1439 1345 1514 accepta

220 1515 346 1580 lomoni
372 1516 420 1600 ),
463 1525 593 1600 propter
634 1534 760 1576 servum
803 1510 1341 1580 fiatinlorusalemsanetis.Bora.

220 1625 327 1669 meum
363 1601 485 1676 David,
520 1613 552 1665 et
581 1597 759 1665 Jerusalem
807 1600 855 1664 15.
877 1602 928 1665 5ο.
949 1603 1001 1667 5ι.

219 1693 397 1764 civitatem,
421 1714 516 1777 quam
541 1688 619 1777 elegi
640 1713 678 1752 ex
693 1713 760 1752 om·
846 1687 982 1754 Orantes
997 1689 1091 1754 simul
1107 1703 1139 1754 et
1155 1715 1214 1778 pro
1228 1693 1344 1770 nobis,

218 1780 310 1844 uibus
328 1777 474 1844 tribubus
491 1777 598 1842 lsrael.
614 1803 646 1842 o.
668 1775 720 1842 52.
801 1788 837 1840 ut
860 1779 944 1842 Deus
963 1779 1084 1866 aperiat
1107 1779 1199 1844 uobis
1223 1782 1345 1848 ostium

263 1867 477 1955 §eapropter
500 1866 600 1930 David
621 1865 707 1930 dedit
728 1866 757 1930 oi
803 1868 975 1939 sermonis,
994 1867 1344 1962 adloquendum'mys-

221 1957 356 2044 (Abire)
381 1953 537 2018 Dominus
561 1955 652 2037 ,Deus
682 1978 757 2019 suus
801 1955 915 2020 terium
944 1955 1070 2021 Christi.
1099 1957 1219 2023 Coloss.
1246 1961 1280 2038 4.
1308 1962 1340 2026 5.
1443 2034 1445 2045 .

216 2043 382 2109 lucernam
415 2043 447 2106 iu
482 2041 681 2116 Jerusalem,
721 2055 757 2107 ut
799 2042 885 2109 Item
901 2043 985 2132 pr.
1006 2046 1038 2109 6.
1062 2049 1180 2133 abra.

214 2133 381 2199 suscitaret
393 2129 493 2196 lilium
504 2131 573 2217 ejus
585 2143 655 2218 post
667 2153 754 2207 eum,
844 2132 991 2209 Fratres,
1005 2147 1096 2198 orate
1106 2157 1165 2222 pro
1179 2137 1285 2202 nobis.
1310 2161 1338 2204 t.
1441 2135 1445 2144 ’

215 2234 246 2288 et
288 2232 441 2287 statueret
476 2218 654 2284 Jerusalem
682 2244 690 2284 ε
716 2227 755 2285 eb
801 2219 907 2286 Thess.
929 2226 957 2286 5.
980 2224 1030 2288 25.

213 2311 300 2402 qubd
317 2312 440 2377 lecisset
457 2309 557 2375 David
581 2321 705 2373 rectum
722 2310 753 2374 in
839 2309 887 2375 De
915 2324 1046 2387 caetero,
1081 2311 1216 2390 fratres,
1247 2327 1338 2381 orate

214 2401 313 2467 oculis
334 2400 482 2473 Domini,
513 2412 544 2463 et
565 2422 630 2463 non
652 2397 754 2465 decli·
796 2423 854 2486 pro
874 2401 983 2477 uobis,
1002 2414 1035 2465 ut
1051 2425 1156 2467 sermo
1180 2404 1239 2467 Dei
1261 2428 1340 2470 οιιι-

213 2503 317 2571 nasset
334 2492 374 2555 ab
391 2489 561 2564 omuibus,
582 2512 651 2575 qum
669 2511 753 2577 prae·
796 2500 860 2563 rat,
892 2502 923 2553 rt
954 2487 1165 2566 clarificetur,
1194 2493 1279 2558 sicut
1304 2508 1338 2559 et

212 2582 387 2669 ceperat-ei
407 2580 530 2646 cunctis
550 2577 660 2643 diebus
681 2577 752 2643 vitae
795 2577 879 2665 apud
895 2601 969 2653 vos,
987 2592 1048 2644 ete.
1070 2603 1099 2644 a.
1122 2580 1230 2646 Thesa-
1250 2583 1282 2647 5.
1306 2608 1334 2649 ι.

209 2694 284 2737 suaa.
306 2670 395 2735 laid.
420 2671 469 2735 15.
488 2671 519 2749 4.
541 2670 570 2733 5.
607 2675 611 2681 ’
653 2740 656 2749 ,
838 2665 937 2732 Orate
950 2692 1007 2755 pro
1020 2668 1336 2742 uobis;coufr‹limus

220 2808 222 2815 ,
255 2759 486 2847 Protegamque
508 2752 622 2823 urbem
646 2752 749 2832 hane,
792 2755 899 2831 enim,
924 2756 996 2843 quia
1022 2756 1140 2823 bouum
1163 2761 1336 2827 conscien-

209 2862 241 2915 el
260 2848 387 2915 salvabo
399 2844 746 2931 oam(aitDominus)
793 2843 870 2908 tiam
900 2840 1054 2911 habemus
1092 2847 1125 2911 in
1160 2849 1334 2928 omuibus,

208 2950 339 3027 propter
358 2959 428 3011 ane,
451 2947 483 2999 et
501 2946 632 3021 propter
648 2933 750 2999 David
792 2931 1332 3004 benbvoleutesconversariHebr.

208 3049 333 3089 servum
364 3046 482 3089 meum.
517 3024 548 3100 4.
582 3024 627 3087 Ile
652 3046 744 3115 ·.¹9·
796 3018 913 3086 15:18.
960 3022 964 3030 ’

207 3116 260 3193 ‘⁷³4'
292 3114 379 3217 Vl&
400 3137 425 3177 ⁶·
455 3134 506 3177 ²⁰⁹
532 3110 562 3174 6·
590 3110 749 3219 Ifm‘lu‘
790 3156 857 3224 Neo
888 3161 1017 3225 astrum
1049 3134 1183 3227 Soartos
1242 3186 1333 3227 rem

205 3200 368 3267 verbalem
380 3200 518 3265 liabetur
533 3194 600 3265 Isa.
621 3220 673 3285 07.
690 3197 742 3265 55.
1216 3186 1241 3249 Ρ

251 3288 569 3357 Etinlsaaceodom
588 3284 745 3357 modose—
834 3263 964 3313 ΜΝ
1002 3270 1205 3341 &gnam-
1249 3273 1332 3335 ΨΜ

204 3380 267 3455 cit,
286 3391 416 3468 propter
438 3376 600 3445 Abrabam
620 3391 746 3465 patrem
831 3339 1141 3430 'umlwmffli
1154 3335 1225 3405 Μ·

203 3468 282 3555 ejus.
306 3470 408 3535 Eerli.
423 3470 478 3547 44.
498 3470 549 3547 24.
832 3472 868 3539 Ιιι
885 3477 1119 3541 resurrectione
1139 3477 1243 3553 euim,
1268 3502 1330 3545 na-

786 3586 848 3653 que
864 3563 1005 3640 nubent,
1023 3588 1127 3653 neque
1143 3567 1330 3635 nubentur:

786 3650 840 3714 sed
864 3665 959 3716 eruut
979 3653 1061 3718 sieut
1084 3654 1197 3744 Angeli
1215 3656 1277 3722 Dei
1297 3659 1331 3724 in

786 3739 878 3807 eoelo.
909 3741 1030 3829 Marta,
1063 3767 1113 3809 aa.
1151 3744 1204 3809 50.
1244 3746 1277 3802 V
1278 3747 1333 3811 ido

784 3828 890 3896 Marc.
916 3854 963 3898 12.
985 3834 1037 3897 ab.-
1056 3830 1133 3897 Lae.
1157 3856 1209 3899 ao.
1232 3834 1284 3899 56.

829 3918 877 3983 lta
889 3919 960 3985 dico
972 3920 1061 3985 robis
1069 3918 1079 3997 ,’
1093 3922 1248 4014 gaudium
1267 3924 1330 3989 erit

241 4006 459 4092 Dixeruntque
489 4004 503 4089 4
514 3996 582 4089 filit
610 4000 736 4088 lsrael)
783 4004 892 4073 coram
914 4006 1041 4095 Angelis
1064 4010 1123 4077 Dei
1143 4035 1240 4098 super
1262 4035 1326 4077 uno

200 3597 341 3667 Sanctae
363 3615 497 3665 mamae
518 3602 589 3665 aiae
614 3600 746 3684 injuria

244 3690 459 3767 Mediatoria,
492 3702 528 3753 at
555 3700 617 3775 prta
649 3678 745 3753 noble

245 3797 357 3857 orent,
381 3780 464 3845 sieut
485 3794 516 3843 et
534 3778 677 3867 petimus
699 3776 741 3842 ab

240 3868 646 3956 otiirbomim'bur'preoes.
