2967 4675
246 317 315 384 Soa
506 319 569 384 nn
1075 309 1147 378 VAE

251 444 317 496 tem
332 429 663 522 oegiAmorrhaeorum
673 423 791 491 Sabou.
882 425 1011 492 lutrio
1040 425 1145 492 rutttts
1172 446 1282 490 eorum
1314 448 1387 490 res·

250 520 349 586 Num.
380 541 432 582 ιι.
463 545 510 605 sp.
533 513 617 577 Vide
635 515 665 592 4.
691 513 791 579 Esdr.
837 449 1388 603 pendebiteis:etpeccatumsuum

256 605 303 670 ι6.
327 627 353 667 ι.
376 629 426 690 ¹7·
838 604 927 692 quasi
949 603 1089 670 Sodoma
1107 602 1391 691 praedicaverunt,

290 685 345 756 Vre
376 694 466 780 genti
494 689 665 777 insurgenti
700 715 796 780 super
838 713 899 759 nec
920 693 1157 760 absconderunt
1180 715 1188 755 :
1213 716 1263 755 vas
1278 691 1394 756 anima

246 801 345 864 genus
378 803 485 844 meum
506 777 687 844 :Dominus
710 780 796 846 enim
838 806 968 858 eorum,
991 783 1139 870 quoniam
1167 779 1297 845 reddita
1319 790 1394 846 sunt

246 867 448 954 omnipotens
471 865 640 934 vindicabit
671 869 702 932 in
725 872 793 935 eis:
838 871 883 936 eis
898 871 993 938 mala.
1013 869 1101 939 Itit.
1121 869 1152 932 5.
1169 893 1200 958 9.
1220 869 1279 935 Vae
1293 869 1391 958 impio

247 955 278 1018 in
294 949 347 1018 die
360 953 469 1040 iudicii
486 950 621 1021 visitabit
634 951 715 1023 illos.
731 958 797 1023 Ju-
838 961 871 1025 in
887 959 1009 1026 malurn
1025 986 1032 1024 :
1047 958 1216 1024 retributio
1226 959 1316 1023 enim
1325 981 1389 1022 mn·

244 1041 317 1106 diti
337 1045 384 1110 ιδ.
402 1069 453 1110 ιο.
839 1071 940 1116 ιιιιιιιιι
957 1050 1027 1137 ejus
1050 1047 1104 1113 liet
1116 1049 1157 1112 ei.
1175 1072 1210 1110 v.
1235 1071 1288 1111 ιι.

293 1131 404 1202 ttettus
420 1145 467 1198 est
479 1141 555 1221 ergo
571 1132 652 1200 duos
669 1159 737 1202 esse
753 1137 796 1201 si·
883 1137 939 1205 Vae
962 1139 1017 1228 qui
1039 1137 1235 1225 conjungitis
1263 1136 1392 1201 domum

249 1223 317 1288 mul
328 1275 335 1298 ‚
346 1228 437 1312 quam
451 1244 551 1287 unum
562 1246 569 1287 :
582 1221 797 1290 habentenim
840 1225 881 1291 ad
897 1226 1051 1300 domum,
1069 1238 1100 1290 et
1119 1248 1233 1312 agrum
1250 1247 1331 1313 agro
1345 1247 1397 1290 co

253 1311 498 1380 emolumentum
521 1313 680 1379 societatis
711 1337 795 1379 suaa:
863 1314 980 1392 ulatis,
1012 1319 1113 1403 usque
1146 1313 1187 1378 ad
1217 1314 1396 1378 terminum

256 1404 280 1468 si
296 1424 374 1466 unus
390 1397 562 1479 ceciderit,
579 1403 619 1466 ab
633 1399 799 1469 alterosul-
840 1340 914 1471 loci.
948 1402 1099 1493 Nunquid
1126 1401 1318 1468 habitabitis
1344 1426 1401 1468 ros

255 1493 374 1559 cietur:
397 1512 443 1554 vae
465 1489 544 1566 soli,
568 1489 640 1580 quia
659 1497 734 1556 cirm
750 1517 800 1558 ce·
841 1493 899 1574 soli
925 1495 957 1559 in
980 1492 1086 1558 medio
1107 1491 1229 1556 terrm?
1245 1491 1339 1557 ibid.
1365 1494 1397 1556 5.

254 1576 380 1653 ciderit,
394 1599 459 1644 non
472 1579 569 1645 hahet
581 1577 799 1648 sublevantem
842 1585 872 1648 8.
897 1579 953 1648 t'ae
972 1583 1026 1670 qui
1050 1580 1177 1651 trahitis,
1195 1581 1397 1670 iniquitatem

252 1691 291 1734 se.
310 1667 434 1734 nacta.
455 1673 486 1749 4.
506 1694 535 1758 9.
561 1693 608 1734 ιο.
842 1670 1042 1736 infuniculis
1063 1669 1231 1746 vanitatis,
1250 1681 1284 1736 et
1304 1671 1394 1756 quasi

291 1753 801 1848 Vaetibi,terra‚cujuxrexpuer
842 1757 1005 1826 vinculum
1037 1759 1170 1848 plaustri
1204 1771 1395 1846 peccatum,

253 1855 316 1919 est,
349 1857 381 1930 et
395 1844 487 1934 cujus
519 1845 678 1936 principes
706 1854 800 1913 mone
843 1847 1391 1914 etc.o.18.Videu.1r.eo.sr.

250 1933 433 1999 comedunt.
453 1933 543 2000 ltin.
568 1958 616 2000 ιο.
645 1937 693 1999 tti.
715 1938 747 1998 V
749 1938 802 2002 itte
843 1953 873 2003 et
891 1961 942 2002 aa.

251 2022 352 2088 Prou.
375 2023 425 2088 25.
444 2047 494 2110 ap.
888 2029 928 2091 Et
944 2026 1006 2091 dixi
1023 2050 1031 2090 :
1048 2022 1105 2090 Vae
1121 2025 1201 2091 mihi
1220 2023 1393 2112 (Iucia),

292 2109 347 2176 Vas
374 2107 493 2202 duplici
515 2111 633 2188 corde,
657 2123 688 2180 ot
709 2112 801 2179 lobiis
843 2116 916 2203 quia
928 2116 1030 2190 tacui,
1049 2115 1120 2202 quia
1134 2114 1183 2180 vir
1197 2113 1341 2202 pollutus
1352 2112 1394 2179 la·

249 2197 411 2279 scelestis,
434 2213 466 2264 et
496 2199 643 2264 manibus
674 2201 802 2266 matula·
843 2203 903 2268 biis
927 2228 986 2294 ego
1006 2228 1096 2279 sum,
1116 2215 1149 2268 et
1164 2204 1197 2267 in
1214 2203 1321 2268 medio
1335 2226 1394 2290 po-

250 2288 424 2367 cientibus,
443 2301 474 2355 ct
497 2289 658 2376 peccatori
682 2302 801 2356 terram
866 2291 908 2357 uli
929 2291 1051 2383 polluta
1067 2291 1152 2357 labia
1168 2291 1313 2357 habentis
1330 2314 1392 2378 ego

249 2375 438 2443 invmdieuti
450 2376 574 2444 duabus
589 2375 721 2445 vtisvae
734 2380 801 2444 dis·
843 2317 979 2459 liabito,
1002 2394 1048 2446 «et
1081 2406 1186 2469 regem
1217 2380 1394 2445 Do'minum

250 2430 361 2532 solutis
382 2467 500 2546 eorde,
518 2470 572 2557 qui
586 2491 651 2532 nun
664 2469 802 2535 credunt
844 2472 1044 2537 exercituum
1069 2471 1136 2536 ridi
1165 2467 1261 2534 oeulis
1286 2469 1394 2545 meis,

250 2554 342 2623 Deo:
361 2571 393 2624 et
415 2558 486 2624 tdet
508 2582 571 2623 non
591 2570 685 2647 prote
708 2570 802 2625 entur
844 2573 906 2627 cto.
921 2558 1012 2625 ibid.
1032 2562 1064 2624 e.
1086 2560 1115 2623 5.

248 2642 355 2725 abeo.
374 2643 431 2714 Vae
446 2649 515 2723 his,
530 2583 802 2803 quilpcrdiderunt
888 2646 1394 2737 Vrequiconduntlegasiniquas:

248 2736 470 2803 sustinentiam
483 2789 491 2817 ,
504 2747 566 2802 etc.
611 2737 687 2802 ccli.
703 2760 731 2801 ι.
750 2739 798 2820 ι4.
844 2751 875 2803 et
885 2738 1081 2814 scribentes,
1095 2738 1283 2827 injustitiam
1296 2739 1397 2824 scrip·

246 2842 279 2888 et
293 2852 356 2915 sap.
379 2828 411 2890 V
413 2828 464 2892 ide
478 2851 505 2889 c.
526 2826 578 2889 δι.
600 2850 628 2911 7.
703 2880 705 2885 .
844 2838 954 2892 serunt
973 2849 980 2891 :
1006 2836 1041 2891 ut
1057 2826 1280 2915 opprimerent
1297 2826 1329 2891 in
1345 2827 1399 2913 ju-

293 2912 347 2981 tte
364 2916 472 2987 vobis,
489 2911 547 2975 viri
560 2912 667 3007 impii,
683 2914 736 3002 qui
751 2915 802 2979 de·
845 2916 928 2981 dicio
939 2938 1115 3005 pauperes,
1132 2928 1163 2981 et
1177 2916 1243 2981 vim
1257 2916 1401 2981 facerent

251 2998 423 3088 reliquistis
445 3000 545 3088 legem
571 2991 691 3067 domini
713 3000 801 3067 altis·
843 3028 947 3071 causeo
970 3004 1142 3070 humilium
1170 3002 1284 3157 pippuli
1314 3005 1397 3069 mei:

213 3102 217 3113 '
248 3089 328 3175 simi.
344 3088 434 3155 Jttd.
448 3093 501 3169 41.
518 3112 565 3153 ιι.
579 3087 610 3151 V
612 3090 665 3154 ide
678 3115 704 3155 ι.
721 3090 798 3185 Heg.
845 3104 878 3183 ut
894 3106 1000 3161 essent
1015 3092 1117 3162 viduae
1136 3118 1202 3183 prae
1227 3118 1244 3157 a
1263 3118 1398 3167 eorum,

250 3182 289 3261 4.Ι
302 3180 332 3242 8.
844 3194 876 3248 et
886 3182 1025 3273 pupillos
1034 3183 1220 3271 diriperent.
1235 3181 1321 3247 Ilii.
1343 3206 1396 3246 ιο.

293 3266 346 3333 Vm
368 3266 453 3355 [renti
473 3268 664 3355 peccatrici,
681 3268 802 3359 populo
849 3298 874 3338 1.
893 3297 922 3337 ι.
943 3272 974 3334 V
977 3271 1030 3337 ide
1040 3298 1073 3338 u.
1096 3273 1125 3336 5.

250 3356 336 3449 gravi
348 3356 390 3421 ini
415 3356 801 3445 uitate,sen1ininequam,
887 3357 943 3427 Vm
972 3353 1174 3428 multitudini
1225 3384 1245 3423 o
1268 3358 1400 3423 olorum

248 3444 320 3511 liliis
351 3380 536 3511 sedleratis:
563 3446 802 3535 dereliquerunt
843 3448 1036 3526 multorum,
1056 3463 1089 3514 ut
1110 3384 1286 3521 multitudo
1301 3450 1403 3515 maris

248 3530 453 3607 Dominum,
493 3533 803 3623 'blasphemaverunt
842 3538 1401 3613 sonantis:cttumultusturbarum,

250 3622 405 3689 Sanctum
420 3622 802 3699 luminationem
844 3629 926 3694 'sicut
956 3629 1077 3694 sonitus
1103 3652 1258 3718 uquarum
1282 3626 1403 3692 multo·

248 3718 435 3779 retrorsum.
462 3712 531 3779 Ιιιι.
563 3737 588 3777 ι.
615 3717 647 3792 4.
667 3712 802 3801 Propter
843 3713 1032 3785 rumiliid.
1058 3716 1106 3804 ιγ’.
1132 3741 1181 3783 ιι.

247 3804 311 3873 hoc
332 3803 375 3867 alt
401 3803 559 3869 Dominus
576 3803 662 3867 Deus
677 3804 795 3868 exanci-
886 3806 942 3875 Vae
968 3819 1061 3873 terre
1083 3805 1234 3894 cymbalo
1255 3804 1398 3877 alarum,

247 3891 673 3971 tuum‚sortis1sra'c'l:ileu‚
689 3914 802 3958 conso·
841 3918 911 3986 quae
932 3908 980 3960 est
1006 3909 1092 3962 trans
1115 3891 1250 3964 llumina
1273 3894 1399 3969 AEtlsio-

247 3972 802 4077 laborsuperhostibusureis,etvin-
841 3984 909 4073 piae.
936 3985 1025 4050 Ibid.
1056 3988 1103 4051 ιδ.
1134 4011 1159 4051 ι.
1188 3982 1277 4050 Virta
1297 4013 1327 4049 c.
1348 3986 1395 4063 24.

248 4063 382 4163 iticabor
395 4070 434 4146 dr
448 4072 586 4153 inimicis
598 4070 685 4152 meis,
696 4096 728 4137 v.
744 4076 795 4151 24.
848 4072 895 4135 ιθ.
