2967 4675
242 309 305 395 aar
480 303 565 378 nra
861 276 864 280 ’
1055 315 1139 386 m

328 419 474 512 vPeuooto
489 449 680 536 dissipatura
826 425 930 519 leges.
956 444 1160 498 mutaverunt
1177 427 1249 522 jus,
1269 435 1369 501 dissi·¹
1440 468 1442 473 v

825 532 981 674 paverunt
1003 520 1105 588 foedus
1121 524 1367 612 sempiternum.

289 609 356 679 Rex
379 608 528 695 insipiens
544 607 656 694 perdat
678 631 784 696 popu·
852 619 958 696 ropter
973 607 1037 677 hoo
1048 609 1231 682 maledictio
1241 612 1373 680 vorabit

243 703 308 768 tum
322 721 413 764 suum
430 709 485 765 :ot
497 695 639 762 civitates
655 697 784 774 inhobi·
826 708 963 770 terram,
992 711 1054 766 etc.
1078 725 1113 766 o.
1137 702 1166 769 5.
1192 703 1223 770 (i.
1248 717 1279 770 et
1299 726 1369 790 seq.

242 791 395 856 labuntur
423 809 481 874 por
511 810 638 859 sensum
667 799 784 876 poten·
827 785 1052 860 Constantinus
1068 789 1287 880 confringetur
1305 803 1372 858 ter·

241 881 319 944 tium
331 877 411 960 (scit.
421 875 781 962 prudentiuml.lt'ootl.
826 899 881 951 ru,
898 877 1090 947 contritione
1104 892 1291 955 conteretur
1308 893 1374 946 ter-

245 989 294 1036 ro.
314 967 345 1031 t.
360 964 505 1052 Regnu-
518 972 535 1030 t
549 976 642 1053 gente
657 965 690 1040 in
702 987 783 1054 gem
825 967 1374 1042 ra,commotionecommovebirur

241 1071 305 1122 tem
321 1053 510 1138 transfertur
533 1065 663 1144 proptor
683 1054 782 1141 injus«
825 1064 937 1128 terra,
982 1056 1155 1144 agitatione
1195 1058 1373 1146 agitabitur

241 1147 347 1220 titios,
376 1155 407 1210 et
429 1142 582 1230 injurias,
606 1155 638 1208 et
662 1156 781 1210 contu·
827 1153 911 1206 terra
931 1143 1015 1208 siout
1036 1145 1166 1222 obrius,
1193 1159 1225 1217 et
1247 1148 1372 1222 autem-

241 1233 370 1305 melias‚
385 1244 416 1296 et
426 1231 566 1296 diversos
582 1231 683 1300 dolos.
698 1257 730 1302 v.
748 1235 778 1309 8,
825 1243 896 1308 tur,
912 1233 1002 1318 quasi
1018 1233 1264 1324 tabernaculum
1276 1239 1372 1304 unius

244 1323 414 1413 Praptarot
440 1321 648 1394 exhonoravit
670 1322 784 1386 Domi·
825 1321 928 1397 noetis
953 1345 961 1386 τ
988 1333 1021 1388 et
1045 1323 1189 1413 gravabit
1211 1349 1286 1394 eam
1308 1327 1371 1398 ini·

242 1433 302 1480 uua
332 1423 509 1478 conventus
536 1409 695 1476 malorum
714 1461 723 1487 ,
751 1422 783 1476 et
824 1410 927 1497 quitor
943 1434 1023 1487 sua,
1040 1425 1072 1484 et
1087 1425 1236 1495 corruet,
1254 1428 1289 1484 et
1305 1439 1370 1483 uon

242 1500 398 1570 destruxit
420 1523 474 1566 eos
495 1505 595 1587 usquo
617 1501 649 1566 in
670 1499 778 1575 sunem.
825 1498 955 1586 adjiciet
970 1512 1005 1566 ut
1021 1515 1174 1591 resurgat.
1188 1527 1223 1574 o.
1249 1527 1368 1594 19.20.

242 1592 341 1658 Sedes
354 1589 473 1658 ducum
486 1589 697 1677 superborum
709 1589 783 1656 des-
825 1589 856 1650 V
858 1587 911 1652 ide
926 1604 1031 1658 totum
1045 1607 1153 1680 eaput.

241 1682 340 1756 traxit
367 1679 477 1752 Deua,
508 1691 541 1744 et
569 1678 680 1744 sedere
707 1679 783 1747 seuit
869 1678 909 1742 Et
924 1677 985 1742 erit
1000 1679 1201 1753 corfortium
1216 1679 1312 1751 Moab
1336 1684 1370 1748 in
1440 1744 1441 1747 ,

243 1771 337 1836 mites
360 1789 419 1856 pro
445 1767 500 1834 eis.
538 1767 673 1838 Radices
703 1791 784 1855 gen·
825 1763 877 1832 die
888 1765 959 1842 illa,
977 1767 1060 1832 sicut
1070 1792 1127 1836 cor
1142 1767 1283 1837 mulieris
1319 1794 1371 1835 an

240 1855 781 1944 tiumauporharumarefecitlleus,
825 1855 981 1928 turientis.
1024 1857 1063 1930 Et
1099 1859 1234 1935 cessabit
1307 1862 1371 1926 oab

241 1959 274 2012 et
297 1943 453 2035 plantavit
479 1943 615 2010 humiles
642 1967 682 2013 ex
707 1945 783 2033 ipsis
825 1967 894 2010 esso
915 1942 1239 2034 populus:quonitm
1255 1963 1371 2016 contra

240 2035 399 2126 gentibus.
415 2033 528 2098 Terras
540 2033 683 2121 gentium
692 2057 784 2106 ever·
824 2033 1000 2100 Dominum
1011 2033 1163 2122 gloriatus
1171 2048 1229 2104 est.
1241 2036 1267 2102 Ι
1268 2063 1367 2104 erasm

241 2126 279 2190 tit
306 2123 479 2196 Dominus,
511 2134 542 2186 et
572 2122 711 2211 perdidit
729 2145 783 2191 aaa
825 2126 878 2202 48.
899 2125 936 2202 4ι
957 2126 1010 2202 42.
1030 2124 1117 2190 Vide
1134 2141 1240 2190 totum
1257 2143 1366 2217 eaput

242 2219 342 2302 usqua
362 2212 401 2276 ad
425 2209 681 2277 fundamentum.
703 2209 784 2276 Are-
825 2211 912 2275 Item
927 2235 954 2276 c.
971 2214 1025 2300 49.
1042 2236 1102 2301 per
1118 2229 1232 2284 totum.

243 2303 317 2370 fecit
341 2325 379 2366 ex
407 2299 505 2389 ipsis,
532 2313 564 2365 et
595 2299 784 2389 disperdidit
869 2299 1042 2393 Illoqneavi
1066 2314 1120 2379 te,
1142 2315 1176 2371 et
1196 2317 1292 2393 capta
1310 2327 1366 2377 es,

240 2416 318 2469 eoa,
348 2404 380 2456 ot
405 2412 530 2463 comare
557 2391 631 2458 lenit
657 2413 782 2469 memo-
826 2388 989 2480 Babylon,
1003 2392 1367 2460 etnesciebaszinventa

241 2482 474 2549 riemeorumt
488 2488 709 2555 terrd,eto.u.
730 2482 779 2555 ro.
826 2502 859 2543 os
888 2492 920 2544 ot
953 2478 1150 2569 apprehensa
1179 2504 1187 2545 :
1217 2484 1368 2569 quonitm

239 2589 269 2639 at
284 2595 346 2658 req.
635 2571 637 2577 ’
825 2568 1000 2635 Dominum
1009 2572 1198 2657 prouomsti.
1211 2570 1231 2635 1
1234 2572 1302 2637 bid.
1313 2574 1365 2637 50.

286 2662 355 2731 Nun
370 2670 584 2735 exoraverunt
595 2682 654 2747 pro
664 2670 784 2747 'peucu-
828 2660 879 2737 ud.
893 2657 1219 2728 Consistiteodverstrs
1229 2685 1302 2727 eam
1314 2683 1371 2749 per

242 2751 283 2816 tis
306 2751 369 2816 suis
392 2749 514 2836 antiqui
537 2749 703 2837 gigantas,
729 2750 783 2836 qui
868 2771 959 2823 rum,
980 2746 1129 2815 etnullus
1144 2748 1258 2816 eradat
1275 2775 1285 2815 ε
1300 2748 1370 2815 red·

242 2840 395 2905 destructi
408 2851 494 2912 sunt,
509 2838 707 2913 confidentes
720 2862 785 2905 tute
850 2837 892 2900 ite
908 2836 937 2900 ei
955 2836 1133 2910 secundnm
1148 2861 1229 2927 opus
1245 2863 1340 2905 suum
1357 2863 1366 2902 z

243 2928 351 2995 virtuti
373 2952 381 2991 :
403 2939 437 2991 et
451 2948 515 2995 uon
531 2927 675 3013 pepercit
690 2944 784 3015 pora-
825 2924 915 3012 juxta
932 2926 1040 3004 omnia
1064 2942 1135 3013 quae·
1155 2928 1251 3005 lecit,
1276 2928 1370 2995 facite

242 3014 412 3105 grinatioui
440 3014 500 3082 Lat
531 3016 605 3099 (aed
624 3018 785 3102 peremit
826 3012 869 3078 illi
903 3038 911 3079 :
945 3014 1019 3103 quia
1052 3028 1163 3081 contra
1195 3016 1369 3082 Dominum

241 3107 337 3188 eos),
359 3116 391 3171 et
406 3115 570 3172 execratus
583 3116 631 3176 est
646 3127 700 3181 eos
742 3128 784 3175 rae
824 3115 1012 3178 erectore,
1029 3103 1196 3172 adversum
1211 3104 1367 3180 Sanctum

242 3190 389 3283 superbiit
422 3192 508 3257 verbi
540 3190 677 3267 illorum.
712 3129 784 3266 ileu
828 3191 934 3259 lsrael.
954 3217 987 3260 u.
1009 3216 1059 3281 29.
1081 3194 1114 3257 V
1115 3194 1166 3259 ide
1186 3208 1286 3257 tatum
1305 3215 1367 3257 oa-

243 3284 390 3351 misertus
416 3293 462 3345 est
485 3280 565 3357 illis,
588 3294 716 3371 gentem
738 3296 785 3358 to
822 3296 902 3369 put,
917 3296 986 3347 totu
1045 3306 1122 3347 ueo.
1139 3286 1188 3349 51.

243 3386 308 3437 tam
336 3368 495 3460 perdens,
521 3380 553 3433 ot
579 3369 783 3437 extollentem
870 3370 1028 3450 Eccdocu
1042 3372 1050 3435 i
1063 3372 1189 3447 Domini
1199 3370 1256 3439 Dei
1267 3391 1367 3459 supet·

241 3484 275 3525 se
296 3461 327 3523 in
356 3458 494 3547 peccatis
510 3460 584 3523 suis.
602 3458 698 3523 tutu.
731 3462 780 3524 16.
826 3480 960 3547 regnum
975 3483 1134 3548 peccans,
1158 3474 1190 3526 et
1205 3472 1371 3535 conteram

242 3552 273 3615 8.
290 3562 320 3617 et
331 3571 394 3634 aeq.
547 3558 550 3565 “
827 3546 937 3613 ittuda
954 3548 1035 3614 tireio
1047 3561 1149 3614 terrae.
1170 3551 1275 3627 Amos
1289 3574 1323 3639 9.
1339 3551 1367 3616 d

302 3639 386 3705 ans
425 3638 580 3709 Dominus
620 3636 785 3725 dissipabit

242 3734 360 3793 terram
377 3778 386 3801 ,
409 3738 441 3799 et
457 3725 590 3801 nudabit
605 3749 697 3805 eam,
719 3740 782 3793 eto.

244 3816 312 3891 deu.
340 3818 392 3896 ed.
418 3839 443 3879 ι.
467 3814 678 3904 Dissipatione
693 3814 786 3880 dissi-

243 3906 372 3996 patitur
402 3917 510 3981 terra,
541 3917 573 3973 et
609 3904 786 3993 direptione
873 3908 1090 3995 Reprobatod
1103 3908 1173 3989 Dte
1186 3909 1369 3985 Suttue-

245 3994 448 4084 praedabitur.
465 4018 498 4061 u.
516 3995 546 4061 5.
568 3994 650 4075 Quia
671 3994 787 4081 titati-
827 3996 889 4061 oid
909 3989 997 4062 inter
1017 3998 1137 4085 fratres
1155 3996 1320 4063 minimus
1335 3997 1369 4057 in

243 4100 361 4149 tutores
383 4086 471 4172 ejus)
506 4085 690 4172 transgressi
713 4096 789 4149 sumt
806 4087 811 4186 4
829 4108 939 4175 regem
952 4088 1101 4175 ungitur.
1127 4109 1152 4150 1.
1172 4084 1250 4177 ng.
1268 4110 1296 4151 e.
1319 4083 1364 4149 16.

827 3688 940 3781 Regno
962 3704 993 3753 et
1019 3690 1161 3779 imperia
1187 3690 1303 3755 omniu
1335 3692 1370 3752 in

961 3800 1066 3843 manu
1077 3779 1142 3845 not
1155 3794 1243 3843 aunt.
