2967 4675
214 391 217 398 '
327 365 401 434 Vll
832 394 836 402 ·
920 362 993 430 Vll
1173 363 1231 429 551

136 479 283 566 Viaeejus
299 476 494 564 (capitatim)
511 477 567 540 viae
600 472 644 539 ul·
735 476 771 540 ln
795 475 943 540 omnibus
967 476 1024 541 viis
1048 477 1109 542 tuis
1131 479 1235 566 cogita

97 569 204 643 chrm,
226 579 258 631 et
282 587 393 630 omnes
416 564 535 630 semitae
560 497 645 629 illius
690 562 779 628 illum
799 564 1044 653 (Dmninum),
1060 578 1093 630 et
1109 567 1176 655 ipsa
1192 565 1238 632 di·

96 657 249 746 pacisrcae.
267 654 289 720 I
291 652 358 717 bid.
379 655 409 718 5.
430 677 479 741 ¹7·
690 653 771 742 rigat
789 675 914 741 gressus
928 665 1011 720 tuos.
1034 654 1134 720 Prae.
1151 656 1182 719 5.
1202 657 1233 721 6.

141 745 235 812 Viam
265 743 427 831 sapientiae
458 742 646 808 monstrabo
689 743 840 830 Viaeajus
862 741 1071 832 (sapientiae)
1092 743 1148 809 viae
1188 742 1239 808 ul-

103 831 648 920 tibi,ducamtepersemitasaequi·
691 829 798 908 chrae,
822 843 854 896 et
877 855 989 896 omncs
1013 832 1132 897 semitas
1154 767 1237 898 illius

100 923 185 988 tatis.
201 920 294 987 lbid.
313 922 345 1001 4.
367 944 415 986 ιι.
692 919 843 1010 pacilicae.
869 945 902 986 e.
925 942 973 1006 17.
1002 923 1007 932 ’

148 1009 428 1091 Quiamandatum
440 1008 646 1086 lucernaest,
735 1008 940 1075 Abominatio
956 1009 1087 1074 Domini
1102 1024 1149 1075 cst
1164 1033 1237 1076 om-

103 1112 136 1163 et
148 1098 198 1164 lox
212 1097 289 1174 lux,
307 1110 339 1165 et
356 1100 403 1164 ria
418 1099 490 1164 vitm
505 1099 649 1184 increpa·
691 1099 739 1163 nis
757 1121 908 1186 arrogans
929 1121 938 1162 ι
964 1098 1103 1163 etiamsi
1123 1121 1236 1164 manus

105 1190 149 1253 tio
166 1186 348 1277 disciplinae.
364 1187 453 1253 Ibid.
470 1189 501 1252 6.
519 1188 571 1251 ι5.
591 1187 621 1250 V
624 1188 649 1248 i·
691 1187 731 1253 ad
744 1209 876 1251 uranum
889 1186 1080 1262 luerit,non
1093 1188 1237 1252 estinne

103 1277 144 1342 de
159 1292 190 1341 ct
205 1301 231 1342 c.
253 1279 282 1342 8.
308 1299 360 1342 ιο.
379 1275 498 1344 Mastia.
520 1299 572 1339 ιι.
592 1276 644 1338 5ι.
693 1299 779 1342 cens.
792 1275 921 1341 lnitium
933 1276 990 1341 vias
1002 1276 1114 1351 bonae,
1132 1276 1240 1341 lacere

102 1367 218 1432 Actor.
243 1391 292 1454 ¹9·
312 1390 343 1452 9.

149 1455 275 1520 Corona
294 1453 454 1541 dignitatis
476 1462 648 1525 senectus,
693 1453 852 1540 justorum
872 1451 1012 1517 declinat
1035 1451 1119 1516 mala
1143 1476 1151 1516 τ
1178 1476 1239 1518 cu-

104 1566 174 1630 quae
191 1543 224 1608 in
239 1543 297 1609 viis
317 1541 445 1629 justitian
460 1539 646 1629 reperietur.
693 1553 760 1606 stos
787 1541 900 1606 animae
932 1565 995 1605 snae
1022 1552 1125 1606 servat
1155 1541 1239 1606 siam

102 1632 194 1696 Ibid.
219 1633 267 1696 16.
289 1631 342 1696 5ι.
361 1629 447 1694 Vide
461 1653 494 1693 ο.
517 1651 546 1691 ι.
567 1630 597 1692 5.
615 1651 646 1715 9.
693 1653 793 1696 suam.
812 1655 845 1694 v.
873 1647 926 1716 17.·
944 1629 1031 1694 Vide
1046 1655 1078 1695 e.
1103 1654 1132 1696 ι.
1155 1655 1184 1716 7.
1204 1655 1234 1717 9.

109 1744 160 1806 17.
332 1747 335 1752 ·
693 1718 927 1784 ct25.1temc.
950 1741 1000 1784 ιο.
1024 1721 1075 1798 al.
1095 1735 1163 1785 cte.
1182 1743 1234 1784 ιι.

151 1809 230 1874 Haec
257 1807 336 1872 dicit
364 1806 546 1871 Dominus:
565 1807 650 1870 Ecce
695 1832 724 1872 ι.
745 1809 776 1872 8.

105 1921 165 1985 ego
177 1898 219 1962 do
231 1919 340 1964 coram
357 1895 447 1960 vobis
458 1895 542 1960 viam
559 1895 649 1969 vitae,
738 1897 815 1962 Esto
835 1895 946 1962 firmus
967 1898 1065 1963 inuiti
1086 1899 1236 1974 Domini,

104 1999 136 2049 et
155 1986 239 2050 viam
255 1985 375 2050 mortis.
396 1984 518 2049 Jercm.
545 1985 595 2048 ιι.
616 1987 646 2049 8.
693 1999 725 2050 et
733 1986 765 2050 in
777 1986 908 2051 veritate
917 2009 1027 2051 sensns
1036 1987 1082 2050 tui
1093 2000 1127 2065 et
1139 1989 1238 2053 scien-

692 1364 858 1452 justitiam.
878 1363 966 1429 ibid.
992 1365 1041 1428 16.
1063 1365 1093 1429 5.
1117 1363 1238 1429 Semita
1291 1359 1294 1365 ’
1345 1415 1350 1422 .
1378 1417 1383 1426 .

106 2073 138 2136 V
131 2075 194 2226 5iric
215 2075 306 2140 Rana.
329 2075 359 2138 5.
385 2097 433 2160 17.
455 2095 484 2137 ι.
504 2074 593 2138 Patr.
618 2097 646 2138 ι.

111 2187 129 2225 ι,
154 2211 162 2226 .

103 2307 135 2371 V
136 2309 172 2377 iu
194 2305 322 2373 Clu-isti
339 2291 482 2374 sumitur
495 2330 558 2397 pro
573 2309 651 2373 dac-

215 2398 307 2461 trimt
322 2398 537 2489 Euangeliou.

39 2624 40 2629 ἵ
153 2554 194 2617 Et
219 2552 335 2621 ducam
364 2546 465 2619 caeos
488 2554 521 2619 in
542 2552 650 2626 viam,

104 2664 203 2731 quam
215 2642 361 2705 nesciunt
376 2642 437 2725 (ais
449 2642 625 2725 Dominam)
638 2688 649 2713 ,

107 2744 138 2795 et
160 2731 193 2794 in
215 2728 358 2803 semitis,
385 2752 462 2815 quas
486 2729 653 2817 ignorave-

106 2831 211 2893 runt,
239 2816 406 2883 ambulare
437 2840 492 2882 eos
522 2817 648 2882 inciam.

106 2910 175 2974 Im.
193 2910 248 2986 dn.
272 2910 321 2971 ιδ.
378 2956 381 2969 .

143 2996 281 3085 Etpetiit
293 2994 487 3082 (Paulua)ab
497 3018 534 3059 co
548 2994 653 3083 (prin-

107 3083 175 3175 cipe
197 3086 422 3169 sacerdotum)
446 3082 593 3172 epistolas
620 3083 652 3147 in

109 3174 303 3257 Damascum
319 3211 362 3221 —-
378 3184 414 3236 ut
429 3172 454 3237 si
471 3196 549 3259 quos
564 3174 653 3237 insa

110 3264 204 3329 nisset
221 3262 317 3351 hujus
329 3262 386 3325 viae
406 3260 489 3347 (soil.
510 3262 649 3347 Christi)

110 3352 190 3417 viros
207 3374 246 3417 ac
258 3348 407 3417 mulieres
419 3398 427 3423 ,
445 3350 566 3415 vinctos
578 3373 654 3439 per·-

110 3432 241 3506 duceret
252 3439 284 3503 in
292 3436 481 3503 Jerusalem.
494 3439 608 3503 Actor.
618 3462 649 3526 9.

115 3550 141 3593 ι.
159 3530 247 3595 Vide
261 3552 289 3593 c.
307 3551 358 3593 ιι.
377 3530 408 3607 l..
444 3522 449 3531 ’

114 3688 142 3751 V
145 3694 200 3771 ia,
223 3716 283 3782 par
304 3716 406 3780 quam
421 3692 508 3779 justi
534 3689 654 3755 ombu-

164 3784 237 3849 maz
252 3833 261 3859 ,
279 3805 352 3868 qum
366 3795 396 3845 ct
415 3779 523 3867 qualis
538 3781 592 3844 sit.

157 3936 284 4001 Utinam
306 3936 482 4023 dirigantur
502 3932 556 3998 vira
576 3956 654 3999 meaa

60 4052 62 4096 t
116 4021 280 4113 (Domina)
300 4024 341 4089 ad
354 4022 577 4089 custodiendas
592 4022 655 4109 jus-

61 4106 62 4129 *
114 4111 300 4178 sificationes
316 4126 397 4178 tuas.
421 4112 510 4177 Paul.
532 4113 603 4174 ιι8.
622 4112 651 4172 5.

693 2076 754 2150 tia,
772 2087 804 2139 ct
820 2087 1031 2162 prosequatur
1048 2089 1080 2140 to
1104 2077 1239 2142 verbnm

692 2164 780 2252 pacis
792 2176 823 2228 ot
838 2165 976 2251 justitiae.
992 2165 1097 2230 Eccli.
1115 2167 1144 2229 5.
1162 2189 1210 2230 ιι.

738 2252 858 2317 Semita
871 2253 946 2340 justi
954 2265 1041 2318 recta
1054 2265 1120 2328 est,
1132 2267 1239 2320 rectus

694 2340 1234 2430 eallisjustiadambulandumetc.

693 2430 761 2496 Ian.
779 2432 830 2494 ais.
848 2455 878 2516 7.
899 2430 986 2493 Vide
1000 2454 1033 2494 ο.
1050 2432 1080 2494 8.
1096 2447 1127 2495 ct
1141 2457 1168 2496 e.
1186 2434 1237 2497 50.

698 2520 951 2583 mmcffi&

738 2606 820 2671 Vou⁴
835 2605 1001 2671 clamantis
1024 2608 1056 2670 in
1084 2609 1235 2673 deserto:

696 2693 809 2758 Parate
822 2695 906 2758 viam
916 2694 1064 2769 Domini,
1082 2710 1184 2761 rectas
1196 2697 1240 2761 fa-

696 2783 758 2847 cite
785 2784 818 2846 in
841 2780 1012 2847 solitudine
1033 2786 1160 2851 semitas
1180 2786 1239 2849 Dei

696 2872 804 2935 nostri.
817 2868 906 2936 Ittd.
915 2875 968 2951 40.
980 2872 1010 2935 5.
1021 2872 1107 2936 Item
1115 2875 1236 2941 Merula.

697 2961 726 3025 5.
750 2961 780 3025 5.
804 2960 911 3027 allos-r.
944 2984 970 3024 1.
999 2963 1029 3025 5.
1049 2960 1125 3027 Luc.
1153 2965 1183 3029 5.
1204 2969 1235 3045 d.

695 3050 912 3114 Ιοαη.ι.ι5.
1034 3058 1039 3067 ’
1173 3083 1176 3089 ·

742 3138 854 3203 Statua
876 3138 933 3203 tibi
956 3139 1138 3228 speculam,
1155 3166 1240 3231 pone

695 3228 753 3291 tibi
778 3228 1034 3294 amaritudines:
1063 3230 1163 3319 dirigo
1184 3254 1240 3297 cer

696 3328 789 3380 tuum
806 3317 838 3381 in
863 3321 946 3382 viam
969 3330 1109 3394 rectam,
1126 3321 1159 3383 in
1175 3328 1238 3405 qod

696 3402 864 3469 ambulasti
880 3428 887 3469 ε
906 3418 1083 3480 revertere,
1099 3408 1187 3494 virgo
1198 3409 1241 3475 ls

696 3491 762 3558 rael
773 3543 781 3568 ,
792 3506 949 3558 revertero
962 3495 1001 3558 ad
1013 3496 1155 3559 civitates
1170 3508 1240 3562 tuas

696 3584 780 3647 istas.
800 3581 1061 3648 Ιονοιιι.5ι.ιι.
1152 3612 1156 3620 ·

742 3670 823 3750 Quis
848 3673 997 3760 sapiens,
1027 3684 1061 3736 et
1086 3672 1242 3762 intelliget

696 3760 781 3825 ista?
796 3759 995 3849 intelligens,
1012 3772 1045 3823 et
1056 3762 1137 3827 'sciet
1151 3762 1241 3829 haeei’

697 3849 770 3936 quia
783 3858 878 3914 rectu
890 3851 947 3914 vita
958 3848 1106 3925 Domini,
1120 3862 1152 3915 et
1163 3851 1239 3937 justi

697 3936 908 4002 ambulabunt
923 3938 1011 4001 ineis
1027 3961 1035 4001 :
1052 3940 1240 4025 praevarica-

696 4030 863 4090 toresvere
872 4027 1064 4091 corruentia
1073 4028 1126 4091 eis.
1137 4027 1236 4092 Oseoe.

702 4115 751 4189 tl..
771 4136 820 4175 ιο.
