2967 4675
169 267 232 336 550
411 265 489 330 SAC
989 258 1067 329 SAC

169 375 387 444 immaculatos
405 426 413 450 ,
445 395 606 463 panesque,
636 385 708 462 uty-
755 373 826 441 filiis
843 373 960 451 isreel,
977 375 1093 447 tradidi
1109 370 1169 440 riti
1185 389 1215 443 et
1227 375 1305 442 titiis

168 481 258 543 tnos,
281 479 312 530 et
327 461 501 534 crustulam
518 461 638 552 absque
653 463 710 528 ser·
756 463 816 538 tuis
832 487 897 552 pro
907 463 1012 529 officio
1024 463 1214 541 sacerdotali
1227 463 1305 554 legi·

168 569 293 628 mento.
310 576 556 642 quaeoonspersa
569 553 609 616 sit
621 550 711 629 oleo,
756 553 833 623 tima
868 551 1083 657 sempiterna,
1115 567 1178 624 ete.
1212 553 1308 624 ibid.

166 657 227 710 eto.
261 642 350 708 Itis.
388 666 439 730 ‘²9⁴
470 667 496 707 1.
522 658 551 711 et
572 665 635 732 seq.
675 643 712 708 Bt
760 645 809 707 18.
836 644 867 708 8.
894 641 1052 712 Primitiae
1074 656 1311 732 autem,quas

168 732 274 798 oleum
302 731 461 804 unctionis
482 729 595 804 fundes
618 753 713 824 super
756 730 899 796 voverint
926 743 958 795 et
981 729 1156 796 obtulerint
1176 729 1235 799 filii
1259 731 1312 796 Is-

168 834 265 910 eaput
280 821 349 907 ejus
369 820 569 907 (Aaronis)
593 843 600 884 :
618 831 713 907 etque
755 817 842 896 rael,
860 819 917 889 tibi
934 818 1030 896 dedi,
1047 818 1160 895 etfiiiis
1173 822 1256 898 tuis.
1270 843 1313 885 ae

170 911 231 982 hoo
255 911 317 976 ritu
344 909 650 977 consecrabimus.
678 933 708 996 7.
756 907 883 977 filiabus
910 909 992 990 tuis,
1021 910 1092 998 jure
1136 922 1311 998 erpetuo:

172 1000 257 1064 Vide
269 1015 373 1064 totum
388 1014 496 1087 eaput.
683 999 687 1006 ’
756 997 809 1086 qui
826 997 966 1066 mundus
987 1011 1036 1078 est
1059 999 1091 1064 in
1110 933 1312 1074 demetrii.

214 1085 458 1177 duplicabisque
471 1085 576 1152 Aaron
586 1098 617 1152 et
632 1083 713 1152 filios
756 1098 902 1155 vescetur
917 1087 983 1164 eis,
999 1100 1062 1154 etc.
1086 1113 1119 1153 v.
1150 1111 1200 1155 ιι.
1220 1087 1315 1153 Victo

171 1177 240 1264 rjus
259 1175 299 1242 nd
314 1177 398 1242 sores
414 1173 611 1242 tabernaculi
624 1174 713 1239 tosti·
757 1192 861 1240 totum
879 1201 951 1265 rap.
971 1175 1058 1241 Item
1066 1175 1183 1242 Ducit.
1204 1179 1260 1259 44.

170 1266 287 1342 monii,
311 1278 343 1331 et
365 1265 446 1330 iotos
470 1272 572 1354 aqua,
601 1263 714 1332 indues
800 1265 870 1335 Hoc
893 1265 954 1338 orit
979 1265 1136 1354 judicium
1152 1265 1311 1342 secerdo-

168 1356 285 1422 sanctis
303 1355 458 1430 vestibus,
475 1367 512 1422 ut
534 1354 714 1422 ministrent
756 1365 825 1423 tum
841 1359 859 1427 u
876 1352 1015 1444 populo,
1031 1367 1063 1418 et
1071 1354 1111 1422 ab
1124 1355 1174 1423 his
1186 1355 1244 1442 qui
1256 1355 1311 1422 of-

170 1445 267 1520 mihi,
284 1458 315 1510 et
327 1445 435 1511 unctio
447 1443 599 1509 eorumin
612 1461 714 1507 socer·
756 1443 864 1513 ferunt
893 1443 1038 1513 victimas
1053 1466 1061 1509 ι
1079 1443 1145 1514 sive
1166 1443 1309 1518 bovem.

169 1533 292 1600 dotium
309 1534 539 1623 sempiternum
555 1531 711 1620 proficiat.
757 1533 823 1601 sive
846 1539 938 1601 ovem
966 1531 1224 1608 immolaverint,
1248 1531 1314 1602 da·

169 1623 260 1690 11111.
276 1627 329 1703 40.
355 1647 403 1688 11.
757 1621 838 1689 bunt
854 1621 1012 1693 sacerdoti
1024 1636 1149 1689 armum
1164 1645 1204 1690 ae
1226 1644 1314 1690 veu-

216 1711 417 1799 Locutusque
438 1715 486 1774 est
501 1708 657 1776 Dominus
674 1707 716 1773 ad
759 1708 907 1776 trienium
923 1734 931 1778 ι
949 1710 1106 1802 primitias
1126 1709 1280 1782 frumeuti
1298 1761 1311 1787 ,

171 1799 321 1888 Moysen,
344 1799 479 1866 dicens:
500 1779 716 1864 Toiieduron
758 1799 843 1876 vini,
869 1812 902 1865 et
920 1798 1000 1875 olei,
1025 1812 1088 1864 eto.
1120 1799 1215 1864 Deut.
1253 1801 1308 1869 18.

171 1913 246 1955 oum
268 1887 341 1953 filiis
361 1888 444 1962 suis,
461 1899 563 1952 vestes
581 1909 714 1962 eorum,
758 1889 789 1956 8.
808 1891 840 1967 4.

171 1989 204 2045 et
219 1976 380 2042 unctionis
392 1973 595 2051 oleum,etc.
608 1975 712 2041 levit.
782 2023 789 2042 ,
833 2023 841 2039 .
903 2023 911 2040 .
1016 2023 1056 2037 ..
1123 2022 1131 2038 .

172 2071 202 2133 8.
227 2091 254 2131 1.
272 2087 299 2130 r.
321 2063 453 2130 Vestivit
468 2063 653 2153 pontificem
667 2087 716 2128 su·
761 2023 803 2088 1²²
815 2021 911 2128 mm?
921 2021 1318 2127 ‘ima‘mud‘ium

170 2153 288 2222 bucula
319 2151 423 2229 lineo,
451 2154 619 2244 accingens
641 2173 716 2218 oum
802 2111 1318 2290 '‘E‘g'zdhzffmmrpmmm

169 2242 296 2319 balteo,
317 2255 349 2307 et
365 2241 499 2316 induens
514 2264 588 2314 euru
605 2242 714 2308 tunice

169 2331 377 2425 hyacinthini
390 2383 398 2409 ‚
411 2344 442 2397 et
459 2330 716 2421 desuperhume-
803 2338 957 2427 Praeoopit
974 2338 1071 2405 etiam
1096 2338 1309 2429 (Ezechias)

171 2422 236 2489 rulo
249 2423 400 2511 imposuit
409 2420 512 2511 ,quod
518 2420 716 2509 adstringens
759 2426 878 2521 popuio
886 2426 1098 2500 habitantium
1112 2424 1314 2505 Jerusalem,

173 2511 321 2605 cingulo.
351 2512 469 2602 aptavit
493 2507 660 2593 rationali.
685 2506 717 2585 in
763 2529 798 2583 ur
814 2517 927 2589 darem
946 2529 1053 2605 partes
1068 2514 1317 2594 sacerdotibus,

169 2627 234 2695 quo
250 2614 318 2668 erut
335 2600 487 2677 Doctrina
511 2612 543 2665 et
567 2598 716 2675 Veritas,
763 2604 976 2692 rtLevitis,ut
1007 2616 1114 2674 essent
1127 2602 1318 2697 vnearelegi

170 2706 276 2759 otoo.
293 2717 323 2779 7.
340 2692 370 2756 8.
390 2690 421 2755 V
423 2690 476 2756 ide
487 2706 593 2756 totum
605 2705 713 2779 eaput.
760 2694 899 2848 ὓοὲιιίιιί.
921 2717 950 2759 o.
994 2719 1046 2762 ar.
1064 2695 1117 2762 51.
1131 2697 1164 2773 4.
1186 2694 1219 2765 V
1219 2696 1320 2770 idm

166 2820 719 2905 smroaersuuvamonmms
758 2808 792 2849 ¹³·

213 2935 243 2985 et
263 2917 441 2983 Primitiae.
467 2915 549 2982 Vide
573 2916 719 2982 Deeimae
818 2915 1038 2981 Sacerdotem
1057 2917 1250 2981 auotoritas.

214 3006 435 3071 apmm'm’
803 3047 920 3119 Venies
943 3050 1308 3124 ueadsarerdoteeetc.

216 3138 336 3210 Onmos
374 3161 499 3226 quoque
541 3138 716 3227 primitiae,
760 3138 911 3229 quiindic
956 3152 1013 3207 unt
1025 3139 1083 3211 tibi
1099 3138 1205 3229 judieii
1217 3142 1307 3206 veri-

168 3255 247 3319 quus
275 3226 412 3293 offerunt
442 3224 500 3292 iiiii
530 3226 644 3302 lsrael,
678 3227 717 3291 ud
761 3240 870 3294 tutem.
898 3229 938 3293 Et
960 3228 1057 3294 furies
1103 3226 1306 3316 uodcuurque

170 3318 370 3387 sacerdotem
385 3316 565 3405 pertinente
584 3315 717 3405 etquid-
760 3316 898 3389 dixerint
915 3316 998 3391 tibi,
1013 3331 1075 3388 ete.
1123 3332 1182 3384 eut.
1201 3340 1253 3403 17.
1269 3342 1305 3409 9.

169 3409 246 3497 quid
262 3410 293 3473 in
312 3402 678 3473 senetuariumoffertnr
699 3412 716 3470 a
765 3430 813 3474 ιο.
831 3405 896 3487 Qui
908 3418 1014 3473 autem
1023 3406 1231 3498 superbierit,
1243 3429 1311 3477 uo-

169 3492 321 3585 singulis,
350 3508 382 3561 et
404 3494 541 3563 truditur
570 3496 718 3563 manibus
760 3494 827 3565 lens
853 3495 983 3566 obedire
1010 3496 1183 3563 sacerdotis
1203 3496 1315 3585 impe-

169 3584 362 3657 sacerdotis.
376 3585 473 3673 ipsius
484 3584 553 3649 erit.
567 3584 599 3651 N
602 3606 669 3659 um.
682 3588 712 3651 6.
759 3585 818 3652 rio.
834 3585 1039 3650 —morietur
1051 3584 1149 3659 bomo
1161 3582 1216 3651 ille
1228 3600 1314 3662 ,ete

168 3702 200 3769 9.
221 3698 270 3743 ιο.
758 3672 1316 3749 v.12.Vidsev.11.lems.

214 3764 418 3852 locutusque
436 3772 484 3827 est
501 3760 656 3833 Dominus
677 3760 717 3825 ud
759 3763 873 3836 Parui.
896 3786 947 3851 19.
967 3765 996 3827 8.
1016 3780 1047 3836 es
1061 3786 1125 3849 seq.

170 3856 277 3925 Aaron
299 3878 307 3923 :
331 3852 414 3921 Eece
435 3849 508 3919 dedi
533 3850 589 3918 tibi
607 3861 716 3919 eusto-
804 3852 844 3917 Et
857 3850 1039 3920 adverbum
1053 3874 1166 3923 eorum
1184 3854 1320 3937 (noor-

168 3944 252 4014 diom
299 3940 513 4033 primitiarum
557 3962 712 4009 mearum.
758 3940 873 4011 dotum
893 3946 928 4029 ).
956 3963 1051 4008 omne
1074 3940 1243 4029 negotium
1271 3979 1316 3993 -—

168 4032 284 4101 Omnia
320 4056 391 4123 quau
428 4028 712 4099 sanctificantnrt
758 4028 929 4118 judicetur.
948 4028 1038 4093 Itis.
1062 4052 1114 4095 rr.
1138 4030 1168 4095 5.
