2967 4675
347 345 429 414 ΝΒ
929 330 1011 400 PUR
1175 324 1238 388 51⁵

109 465 318 534 tribulatione
333 483 469 540 eorum,
491 473 524 526 et
539 460 654 528 imma·
701 448 930 547 ymamoffierri
960 436 1142 531 ropeccatis
1149 457 1237 502 mor-

110 554 257 623 culutum
279 577 312 619 se
338 549 502 616 custodire
525 549 564 614 nb
591 549 655 615 boc
696 558 825 611 tuorum
852 469 1072 604 sacribcium',
1096 525 1180 590 bene
1205 534 1239 586 et
1306 544 1312 554 ’

110 644 237 714 Ψθΰιθ·
254 643 329 708 Ῑᾱθ·
352 663 379 704 ¹·
402 663 454 726 27·
697 632 842 723 religiose
853 617 1135 692 deresurrectione
1150 611 1239 698 cogi-

645 775 647 780 ,
698 737 792 797 tans,
814 730 876 784 etc.
908 737 938 779 e.
968 705 1078 778 Meet.
1107 725 1156 768 ro.
1180 700 1235 779 45.

267 817 498 864 ΝΝᾸΤΟΜ·
701 812 817 880 Sancte
833 809 909 894 crgo
923 807 957 867 et
968 794 1102 864 salubris
1117 803 1165 856 est
1180 811 1238 854 co-

110 958 178 1024 Pur
200 955 352 1020 amium
401 949 439 1014 ,id
460 963 505 1015 m
525 949 632 1014 mcum
698 899 808 992 gitatio
830 885 1067 997 prodel'unctis
1082 901 1237 949 exorare.

177 980 202 1110 5
364 999 376 1026 ’
642 994 655 1021 '
699 1002 734 1056 ut
748 996 766 1054 t
782 996 922 1076 peccatis
938 976 1108 1044 solvantur.
1128 985 1241 1033 versus

152 1069 175 1111 u
199 1041 459 1113 isuntonimoe,
480 1059 659 1124 quoeurvo-
698 1080 741 1160 45

152 1158 236 1240 mm:
244 1126 658 1222 P'mbmwi’mbu'ja‘
719 1243 721 1247 Ι
744 1125 820 1231 itote
840 1154 1042 1228 consentiens
1059 1142 1238 1214 edversario

153 1247 234 1289 ΜΝ
245 1233 398 1311 ΡΜΜ»
411 1231 655 1308 ⁶‘P“'3‘²'¹¹‘¹''
700 1254 849 1327 tuccius,
865 1249 984 1313 dirmes
996 1242 1029 1306 in
1040 1238 1089 1303 vit
1105 1236 1116 1322 (
1131 1235 1169 1298 in
1176 1232 1239 1295 boc

151 1336 240 1386 “⁸⁶⁹
257 1308 486 1398 msimm'·
699 1343 801 1429 vito)
820 1361 895 1404 cum
910 1355 975 1399 eo:
998 1326 1194 1394 nesortb-
1209 1319 1241 1381 in

153 1443 315 1508 Dominus
335 1434 507 1504 mortificat
526 1446 558 1499 et
579 1433 659 1499 viri-
702 1450 868 1498 carcerem
883 1411 1037 1489 mittaris.
1053 1412 1155 1479 Amen
1170 1407 1242 1472 dico

111 1531 209 1608 ficut,
236 1526 368 1594 deducit
380 1525 421 1591 ed
436 1525 598 1608 inferoset
613 1539 661 1588 te·
703 1519 762 1584 tibi
773 1567 781 1594 ‚
794 1506 1033 1582 nonexicsindb
1044 1554 1052 1581 ‚
1065 1492 1243 1566 donecrcd-

114 1619 215 1687 ducit.
243 1644 270 1684 1.
286 1618 364 1707 ch.
385 1637 414 1680 e.
431 1614 462 1678 6.
480 1610 566 1675 Vide
579 1609 657 1678 Tob.
703 1609 760 1672 dns
788 1601 994 1670 novissimum
1020 1589 1239 1682 quadrantem.
1364 1597 1370 1608 ·

117 1711 164 1775 ι5.
188 1733 222 1775 n.
239 1706 326 1772 Item
336 1705 417 1792 Sap.
438 1701 486 1765 rb.
507 1700 556 1764 ι5.
703 1693 825 1764 Mottb.
849 1694 880 1758 5.
907 1689 958 1755 25.
985 1685 1036 1750 nb.
1055 1681 1087 1746 V
1088 1678 1142 1744 ido
1164 1673 1241 1741 Luc.

153 1799 399 1867 Punemtuum,
411 1789 662 1872 etrinumtuum
708 1809 758 1851 re.
778 1784 830 1849 58.

113 1910 215 1974 super
236 1881 431 1972 sepulturum
447 1877 523 1966 justi
541 1876 659 1942 consti·
749 1869 977 1960 thuicunque
987 1857 1101 1927 dixerit
1109 1852 1243 1921 verbum

112 1987 185 2050 tue,
204 1985 239 2038 et
250 1968 314 2036 noli
326 1993 364 2035 ex
375 1992 414 2035 eo
426 1966 620 2034 manducare
631 1978 662 2030 et
705 1974 816 2029 contre
831 1957 948 2025 Filium
963 1948 1118 2022 hominis,
1135 1942 1246 2008 remit·

112 2055 562 2148 hiberecumpcocutoribus.
581 2054 659 2122 Tob.
706 2064 790 2117 tetur
798 2048 827 2114 ci
834 2073 843 2121 ς
862 2039 916 2134 qui
924 2053 1031 2108 eutem
1043 2033 1157 2102 dixerit
1166 2053 1245 2097 con-

116 2156 148 2232 lt·
167 2153 220 2216 ¹8·
705 2153 754 2205 trn
788 2136 942 2226 Spiritum
971 2130 1151 2198 Sanctum,
1179 2139 1244 2185 non

159 2237 291 2304 Mortuo
314 2259 378 2304 non
400 2232 570 2322 prohibens
589 2255 663 2322 grc-
705 2224 941 2298 remitteturei,
958 2212 1246 2306 nequeinhocsae-
1289 2246 1293 2260 ι

50 2404 51 2423 .
118 2330 205 2395 tiam.
223 2325 328 2393 Eccii.
349 2350 378 2413 7.
403 2323 454 2410 57.
706 2315 802 2393 culo,
830 2336 935 2402 neque
955 2310 988 2374 in
1005 2307 1113 2373 tuturo
1131 2324 1140 2367 z
1157 2294 1246 2364 Ibid.

50 2424 51 2467 ³
162 2418 210 2486 Ne
238 2413 379 2491 laeteris,
406 2412 534 2478 inimica
562 2432 664 2484 mea,
712 2386 1244 2473 12.52.Vt‹t0ttar0.5.28.to0.

50 2512 51 2521 ’
121 2528 212 2596 super
225 2528 298 2581 mu,
312 2502 385 2593 quie
400 2500 520 2567 cecidi:
535 2521 665 2565 consur·
712 2520 761 2561 re.
786 2517 836 2559 ro.

123 2618 211 2748 bum,
238 2598 310 2660 cirm
327 2590 438 2657 sedero
454 2590 487 2655 in
502 2588 663 2663 tenebris,
768 2577 1024 2665 Uniuscujusque
1046 2589 1126 2669 opus
1147 2560 1248 2627 muni·

149 2680 340 2751 ominuslux
351 2703 422 2745 men
434 2690 492 2745 est.
509 2678 592 2743 lnam
604 2676 666 2742 Do
708 2672 826 2739 festum
841 2666 912 2731 erit.
931 2662 1007 2726 Dies
1022 2676 1109 2720 enrm
1122 2646 1251 2717 Domini

125 2772 364 2864 miniportubo,
377 2768 526 2856 quonibm
537 2764 667 2855 peccari
709 2756 909 2829 declarabit,
933 2748 1006 2837 quia
1022 2744 1055 2808 in
1071 2741 1143 2829 igne
1160 2758 1252 2801 reve-

50 2868 51 2885 *
125 2861 171 2941 ei,
189 2863 298 2929 donec
312 2880 442 2927 causam
458 2878 563 2921 mecm
581 2852 668 2943 judi·
710 2849 842 2919 lubitum
861 2855 894 2909 et
910 2832 1159 2919 uniuscnjusque
1173 2845 1253 2913 opus

126 2962 190 3028 cet,
207 2962 245 3017 et
261 2948 357 3015 sociat
373 2944 527 3034 judicium
538 2966 665 3009 meum:
711 2936 805 3027 quale
835 2934 898 3009 sit,
921 2926 1002 3017 ignis
1027 2918 1187 3012 probabit.
1219 2910 1253 2978 Si

129 3038 243 3107 educet
273 3058 324 3103 mc
347 3036 379 3101 in
399 3032 530 3112 iucem,
553 3032 669 3097 videbo
711 3028 805 3115 eujus
816 3046 895 3112 opus
911 3013 1085 3088 manserit,
1101 3004 1189 3098 quod
1203 3027 1253 3069 su·

50 3148 52 3277 ,
129 3126 280 3213 justitium
296 3125 375 3213 ejus.
392 3123 493 3191 Micb.
516 3146 545 3209 7.
565 3124 595 3186 8.
612 3142 643 3208 9.
711 3110 956 3207 peredificavit,
976 3100 1159 3171 mercedem
1173 3092 1254 3160 acci·
1302 3166 1305 3171 ¹

50 3292 51 3313 χ
131 3302 138 3317 .
167 3216 216 3284 Tu
231 3237 358 3304 quoquc
374 3210 666 3299 (Demsatvaror)
712 3206 788 3293 piet.
810 3202 843 3267 Si
856 3200 948 3287 cujus
961 3218 1040 3285 opus
1051 3188 1184 3261 arserit,
1201 3182 1254 3247 de-

131 3324 158 3367 m
173 3304 328 3395 sanguine
340 3300 521 3367 testamenti
533 3298 579 3364 tui
591 3296 671 3361 emi·
712 3294 899 3359 trimcntum
912 3286 1064 3376 patietur:
1074 3280 1140 3368 ipse
1148 3282 1256 3340 nutem

50 3386 51 3465 i
134 3392 326 3461 dstirinctos
334 3402 407 3455 tuos
416 3388 456 3453 de
464 3387 553 3460 lacu,
565 3386 599 3450 in
607 3408 671 3473 quo
713 3379 817 3449 solvus
829 3378 890 3445 erit
900 3427 910 3452 ,
921 3376 968 3441 sic
979 3386 1085 3439 tumen
1097 3363 1187 3454 quusi
1198 3382 1257 3450 per

137 3493 283 3549 noneste
306 3488 442 3555 ue,etc.
458 3474 560 3541 Zacb.
594 3520 602 3539 .
619 3496 667 3540 rr.
714 3472 831 3561 ignem.
854 3490 882 3531 ι.
903 3464 979 3530 Cor.
997 3462 1028 3527 5.
1054 3458 1103 3523 ι5.
1122 3469 1153 3520 et
1167 3476 1231 3537 seq.

174 3570 209 3636 Et
221 3504 346 3637 seddbit
361 3566 472 3655 (Deus
483 3567 494 3652 i
507 3498 670 3640 condens,
757 3556 889 3627 Fideles
903 3552 1141 3622 inveniuntur,
1155 3542 1213 3631 qui
1227 3564 1261 3607 so

138 3666 166 3718 02
181 3658 359 3725 emundans
386 3664 579 3743 argentum,
606 3663 669 3719 cto.
717 3649 886 3740 baptizant
903 3666 965 3733 pro
987 3637 1137 3706 mortuis.
1166 3630 1256 3698 ibid.

136 3738 274 3815 Manet.
293 3748 324 3812 5.
340 3744 372 3811 5.
390 3744 421 3807 V
422 3743 475 3809 nto
486 3756 673 3808 totumuer-
720 3741 769 3804 15.
787 3730 1261 3825 29.(Pcrbaptiemcmoutem

137 3852 213 3901 tum.
716 3826 771 3893 bic
785 3824 987 3912 intelligitur
997 3816 1194 3905 jejunium,
1212 3810 1263 3873 ta-

177 3918 673 3997 Ett'ucttcollatione‚duodccim
716 3937 858 4005 equum,
875 3908 1095 4000 afflictiones,
1112 3896 1259 3986 vigt'b'oe.

143 4008 230 4077 miliia
253 4010 422 4079 drachmas
444 4008 567 4097 argenti
589 4006 675 4073 misit
716 4020 747 4071 ct
761 3992 1114 4089 atiaopercprcnatio.
1125 4002 1265 4074 perque

145 4094 269 4175 (ludas
287 4096 521 4181 Mccbaboeus)
546 4096 676 4161 Jeroso-
718 4078 1129 4171 succurruntdesunetirin
1136 4069 1269 4165 Cbristo
