<?xml version="1.0" encoding="UTF-8"?>
<!DOCTYPE html PUBLIC "-//W3C//DTD XHTML 1.0 Transitional//EN"
    "http://www.w3.org/TR/xhtml1/DTD/xhtml1-transitional.dtd">
<html xmlns="http://www.w3.org/1999/xhtml" xml:lang="en" lang="en">
 <head>
  <title>
</title>
<meta http-equiv="Content-Type" content="text/html;charset=utf-8" />
  <meta name='ocr-system' content='tesseract 3.04.00' />
  <meta name='ocr-capabilities' content='ocr_page ocr_carea ocr_par ocr_line ocrx_word'/>
</head>
<body>
  <div class='ocr_page' id='page_1' title='image "./thesaurusbiblic01merzgoog_0203.png"; bbox 0 0 2967 4675; ppageno 0'>
   <div class='ocr_carea' id='block_1_1' title="bbox 94 359 1350 3305">
    <p class='ocr_par' dir='ltr' id='par_1_1' title="bbox 94 359 1352 3305">
     <span class='ocr_line' id='line_1_1' title="bbox 348 359 1254 467; baseline -0.001 -27"><span class='ocrx_word' id='word_1_1' title='bbox 348 359 450 441; x_wconf 72' lang='lat' dir='ltr'><strong>Pdll&#39;</strong></span> <span class='ocrx_word' id='word_1_2' title='bbox 917 370 997 439; x_wconf 72' lang='grc' dir='ltr'><strong>ΡΜ]</strong></span> <span class='ocrx_word' id='word_1_3' title='bbox 1181 397 1254 467; x_wconf 75' lang='grc' dir='ltr'><strong>Ιι99Ι</strong></span> 
     </span>
     <span class='ocr_line' id='line_1_2' title="bbox 162 479 1246 573; baseline 0.006 -26"><span class='ocrx_word' id='word_1_4' title='bbox 162 484 204 560; x_wconf 77' lang='lat' dir='ltr'><strong>lit</strong></span> <span class='ocrx_word' id='word_1_5' title='bbox 221 483 345 570; x_wconf 79' lang='lat' dir='ltr'><strong>adjuvit</strong></span> <span class='ocrx_word' id='word_1_6' title='bbox 359 484 472 569; x_wconf 76' lang='lat' dir='ltr'><strong>(Deus)</strong></span> <span class='ocrx_word' id='word_1_7' title='bbox 487 502 662 570; x_wconf 72' lang='lat' dir='ltr'><strong>pauperem</strong></span> <span class='ocrx_word' id='word_1_8' title='bbox 703 493 787 547; x_wconf 79' lang='lat' dir='ltr'><strong>tato:</strong></span> <span class='ocrx_word' id='word_1_9' title='bbox 804 493 837 547; x_wconf 86' lang='lat' dir='ltr'><strong>et</strong></span> <span class='ocrx_word' id='word_1_10' title='bbox 852 479 964 571; x_wconf 87' lang='lat' dir='ltr'><strong>ooulus</strong></span> <span class='ocrx_word' id='word_1_11' title='bbox 977 482 1037 549; x_wconf 85' lang='lat' dir='ltr'><strong>Dei</strong></span> <span class='ocrx_word' id='word_1_12' title='bbox 1052 486 1198 573; x_wconf 75' lang='lat' dir='ltr'><strong>respexit</strong></span> <span class='ocrx_word' id='word_1_13' title='bbox 1206 487 1246 553; x_wconf 86' lang='lat' dir='ltr'><strong>il-</strong></span> 
     </span>
     <span class='ocr_line' id='line_1_3' title="bbox 119 567 1247 660; baseline 0.004 -23"><span class='ocrx_word' id='word_1_14' title='bbox 119 570 159 637; x_wconf 89' lang='lat' dir='ltr'><strong>de</strong></span> <span class='ocrx_word' id='word_1_15' title='bbox 174 572 291 660; x_wconf 71' lang='lat' dir='ltr'><strong>iuopia.</strong></span> <span class='ocrx_word' id='word_1_16' title='bbox 305 573 395 639; x_wconf 70' lang='lat' dir='ltr'><strong>Paul.</strong></span> <span class='ocrx_word' id='word_1_17' title='bbox 415 572 486 637; x_wconf 80' lang='lat' dir='ltr'><strong>rod.</strong></span> <span class='ocrx_word' id='word_1_18' title='bbox 505 572 559 649; x_wconf 68' lang='grc' dir='ltr'><strong>ἀι.</strong></span> <span class='ocrx_word' id='word_1_19' title='bbox 576 570 663 635; x_wconf 82' lang='lat' dir='ltr'><strong>Vide</strong></span> <span class='ocrx_word' id='word_1_20' title='bbox 703 567 818 637; x_wconf 86' lang='lat' dir='ltr'><strong>lumin</strong></span> <span class='ocrx_word' id='word_1_21' title='bbox 835 570 940 647; x_wconf 86' lang='lat' dir='ltr'><strong>bono,</strong></span> <span class='ocrx_word' id='word_1_22' title='bbox 957 583 990 637; x_wconf 88' lang='lat' dir='ltr'><strong>et</strong></span> <span class='ocrx_word' id='word_1_23' title='bbox 1004 573 1106 637; x_wconf 76' lang='lat' dir='ltr'><strong>erexit</strong></span> <span class='ocrx_word' id='word_1_24' title='bbox 1119 594 1193 639; x_wconf 85' lang='lat' dir='ltr'><strong>eum</strong></span> <span class='ocrx_word' id='word_1_25' title='bbox 1206 577 1247 641; x_wconf 80' lang='lat' dir='ltr'><strong>ab</strong></span> 
     </span>
     <span class='ocr_line' id='line_1_4' title="bbox 118 658 1248 749; baseline 0.007 -26"><span class='ocrx_word' id='word_1_26' title='bbox 118 676 148 723; x_wconf 74' lang='lat' dir='ltr'><em>a</em></span> <span class='ocrx_word' id='word_1_27' title='bbox 162 683 195 725; x_wconf 84' lang='lat' dir='ltr'><strong>u.</strong></span> <span class='ocrx_word' id='word_1_28' title='bbox 213 684 244 747; x_wconf 99' lang='grc'><strong>9.</strong></span> <span class='ocrx_word' id='word_1_29' title='bbox 450 698 475 710; x_wconf 59' lang='lat'><strong>-›</strong></span> <span class='ocrx_word' id='word_1_30' title='bbox 702 658 882 724; x_wconf 82' lang='lat' dir='ltr'><strong>humilitate</strong></span> <span class='ocrx_word' id='word_1_31' title='bbox 903 659 1020 749; x_wconf 85' lang='lat' dir='ltr'><strong>ipsius,</strong></span> <span class='ocrx_word' id='word_1_32' title='bbox 1044 672 1078 729; x_wconf 86' lang='lat' dir='ltr'><strong>st</strong></span> <span class='ocrx_word' id='word_1_33' title='bbox 1098 662 1248 732; x_wconf 72' lang='lat' dir='ltr'><strong>anltonit</strong></span> 
     </span>
     <span class='ocr_line' id='line_1_5' title="bbox 155 747 1246 835; baseline 0.007 -22"><span class='ocrx_word' id='word_1_34' title='bbox 155 747 261 827; x_wconf 77' lang='lat' dir='ltr'><strong>,llovit</strong></span> <span class='ocrx_word' id='word_1_35' title='bbox 276 749 379 835; x_wconf 82' lang='lat' dir='ltr'><strong>justus</strong></span> <span class='ocrx_word' id='word_1_36' title='bbox 394 768 524 813; x_wconf 87' lang='lat' dir='ltr'><strong>oausam</strong></span> <span class='ocrx_word' id='word_1_37' title='bbox 540 768 661 835; x_wconf 85' lang='lat' dir='ltr'><strong>paupe-</strong></span> <span class='ocrx_word' id='word_1_38' title='bbox 704 758 801 835; x_wconf 82' lang='lat' dir='ltr'><strong>eaput</strong></span> <span class='ocrx_word' id='word_1_39' title='bbox 811 747 892 835; x_wconf 88' lang='lat' dir='ltr'><strong>ejus:</strong></span> <span class='ocrx_word' id='word_1_40' title='bbox 908 760 941 813; x_wconf 86' lang='lat' dir='ltr'><strong>et</strong></span> <span class='ocrx_word' id='word_1_41' title='bbox 951 750 1055 817; x_wconf 88' lang='lat' dir='ltr'><strong>mirati</strong></span> <span class='ocrx_word' id='word_1_42' title='bbox 1063 762 1138 817; x_wconf 83' lang='lat' dir='ltr'><strong>sunt</strong></span> <span class='ocrx_word' id='word_1_43' title='bbox 1149 750 1182 817; x_wconf 91' lang='lat' dir='ltr'><strong>in</strong></span> <span class='ocrx_word' id='word_1_44' title='bbox 1190 753 1246 821; x_wconf 91' lang='lat' dir='ltr'><strong>illo</strong></span> 
     </span>
     <span class='ocr_line' id='line_1_6' title="bbox 116 834 1242 939; baseline 0.006 -38"><span class='ocrx_word' id='word_1_45' title='bbox 116 858 201 901; x_wconf 85' lang='lat' dir='ltr'><strong>rum.</strong></span> <span class='ocrx_word' id='word_1_46' title='bbox 216 838 318 903; x_wconf 81' lang='lat' dir='ltr'><strong>Prov.</strong></span> <span class='ocrx_word' id='word_1_47' title='bbox 334 860 387 924; x_wconf 76' lang='lat'><strong>29·</strong></span> <span class='ocrx_word' id='word_1_48' title='bbox 402 862 437 939; x_wconf 77' lang='lat'><strong>7.</strong></span> <span class='ocrx_word' id='word_1_49' title='bbox 703 834 815 912; x_wconf 90' lang='lat' dir='ltr'><strong>multi,</strong></span> <span class='ocrx_word' id='word_1_50' title='bbox 832 849 864 901; x_wconf 88' lang='lat' dir='ltr'><strong>et</strong></span> <span class='ocrx_word' id='word_1_51' title='bbox 879 837 1117 906; x_wconf 83' lang='lat' dir='ltr'><strong>honoraverunt</strong></span> <span class='ocrx_word' id='word_1_52' title='bbox 1127 839 1242 908; x_wconf 83' lang='lat' dir='ltr'><strong>Deum.</strong></span> 
     </span>
     <span class='ocr_line' id='line_1_7' title="bbox 161 922 1246 1015; baseline 0.007 -26"><span class='ocrx_word' id='word_1_53' title='bbox 161 924 411 1015; x_wconf 74' lang='lat' dir='ltr'><strong>congregationi</strong></span> <span class='ocrx_word' id='word_1_54' title='bbox 421 945 600 1014; x_wconf 85' lang='lat' dir='ltr'><strong>pauperum</strong></span> <span class='ocrx_word' id='word_1_55' title='bbox 613 922 662 989; x_wconf 89' lang='lat' dir='ltr'><strong>al-</strong></span> <span class='ocrx_word' id='word_1_56' title='bbox 702 924 808 991; x_wconf 81' lang='lat' dir='ltr'><strong>Eooli.</strong></span> <span class='ocrx_word' id='word_1_57' title='bbox 833 945 882 991; x_wconf 90' lang='grc' dir='ltr'><strong>ιι.</strong></span> <span class='ocrx_word' id='word_1_58' title='bbox 909 948 958 991; x_wconf 86' lang='lat' dir='ltr'><strong>ra.</strong></span> <span class='ocrx_word' id='word_1_59' title='bbox 984 924 1118 993; x_wconf 87' lang='lat' dir='ltr'><strong>Gonlida</strong></span> <span class='ocrx_word' id='word_1_60' title='bbox 1140 941 1246 997; x_wconf 86' lang='lat' dir='ltr'><strong>autem</strong></span> 
     </span>
     <span class='ocr_line' id='line_1_8' title="bbox 115 1011 1242 1099; baseline 0.007 -22"><span class='ocrx_word' id='word_1_61' title='bbox 115 1011 248 1079; x_wconf 80' lang='lat' dir='ltr'><strong>labilem</strong></span> <span class='ocrx_word' id='word_1_62' title='bbox 262 1026 296 1080; x_wconf 89' lang='lat' dir='ltr'><strong>te</strong></span> <span class='ocrx_word' id='word_1_63' title='bbox 309 1014 416 1080; x_wconf 78' lang='lat' dir='ltr'><strong>facito.</strong></span> <span class='ocrx_word' id='word_1_64' title='bbox 430 1013 534 1080; x_wconf 78' lang='lat' dir='ltr'><strong>[leoli.</strong></span> <span class='ocrx_word' id='word_1_65' title='bbox 552 1014 585 1092; x_wconf 72' lang='grc'><strong>4.</strong></span> <span class='ocrx_word' id='word_1_66' title='bbox 606 1036 636 1099; x_wconf 89' lang='lat'><strong>7.</strong></span> <span class='ocrx_word' id='word_1_67' title='bbox 702 1014 737 1079; x_wconf 93' lang='lat' dir='ltr'><strong>in</strong></span> <span class='ocrx_word' id='word_1_68' title='bbox 752 1013 841 1090; x_wconf 84' lang='lat' dir='ltr'><strong>Deo,</strong></span> <span class='ocrx_word' id='word_1_69' title='bbox 864 1026 897 1079; x_wconf 87' lang='lat' dir='ltr'><strong>at</strong></span> <span class='ocrx_word' id='word_1_70' title='bbox 918 1036 1012 1081; x_wconf 86' lang='lat' dir='ltr'><strong>mane</strong></span> <span class='ocrx_word' id='word_1_71' title='bbox 1032 1016 1066 1081; x_wconf 92' lang='lat' dir='ltr'><strong>in</strong></span> <span class='ocrx_word' id='word_1_72' title='bbox 1086 1012 1158 1083; x_wconf 84' lang='lat' dir='ltr'><strong>loco</strong></span> <span class='ocrx_word' id='word_1_73' title='bbox 1173 1030 1242 1085; x_wconf 87' lang='lat' dir='ltr'><strong>tuo.</strong></span> 
     </span>
     <span class='ocr_line' id='line_1_9' title="bbox 162 1099 1350 1189; baseline 0.008 -23"><span class='ocrx_word' id='word_1_74' title='bbox 162 1099 663 1189; x_wconf 76' lang='lat' dir='ltr'><strong>Decolloctisautem,quaeliunt</strong></span> <span class='ocrx_word' id='word_1_75' title='bbox 703 1100 811 1169; x_wconf 83' lang='lat' dir='ltr'><strong>Facile</strong></span> <span class='ocrx_word' id='word_1_76' title='bbox 834 1113 881 1168; x_wconf 83' lang='lat' dir='ltr'><strong>est</strong></span> <span class='ocrx_word' id='word_1_77' title='bbox 903 1103 989 1169; x_wconf 90' lang='lat' dir='ltr'><strong>enim</strong></span> <span class='ocrx_word' id='word_1_78' title='bbox 1011 1104 1047 1170; x_wconf 92' lang='lat' dir='ltr'><strong>in</strong></span> <span class='ocrx_word' id='word_1_79' title='bbox 1069 1103 1246 1179; x_wconf 69' lang='lat' dir='ltr'><strong>ooulieDoi</strong></span> <span class='ocrx_word' id='word_1_80' title='bbox 1312 1130 1314 1135; x_wconf 82' lang='lat'><em>·</em></span> <span class='ocrx_word' id='word_1_81' title='bbox 1348 1116 1350 1125; x_wconf 82' lang='grc'>’</span> 
     </span>
     <span class='ocr_line' id='line_1_10' title="bbox 115 1189 1240 1281; baseline 0.009 -28"><span class='ocrx_word' id='word_1_82' title='bbox 115 1189 151 1253; x_wconf 91' lang='lat' dir='ltr'><strong>in</strong></span> <span class='ocrx_word' id='word_1_83' title='bbox 179 1204 325 1267; x_wconf 82' lang='lat' dir='ltr'><strong>sanctos,</strong></span> <span class='ocrx_word' id='word_1_84' title='bbox 352 1193 435 1258; x_wconf 87' lang='lat' dir='ltr'><strong>siout</strong></span> <span class='ocrx_word' id='word_1_85' title='bbox 457 1190 600 1258; x_wconf 76' lang='lat' dir='ltr'><strong>ordinavi</strong></span> <span class='ocrx_word' id='word_1_86' title='bbox 628 1190 661 1257; x_wconf 86' lang='lat' dir='ltr'><strong>in</strong></span> <span class='ocrx_word' id='word_1_87' title='bbox 703 1191 809 1261; x_wconf 78' lang='lat' dir='ltr'><strong>subito</strong></span> <span class='ocrx_word' id='word_1_88' title='bbox 825 1190 995 1259; x_wconf 82' lang='lat' dir='ltr'><strong>honestare</strong></span> <span class='ocrx_word' id='word_1_89' title='bbox 1032 1214 1194 1281; x_wconf 78' lang='lat' dir='ltr'><strong>nuperum.</strong></span> <span class='ocrx_word' id='word_1_90' title='bbox 1207 1220 1240 1263; x_wconf 86' lang='grc' dir='ltr'><strong>ο.</strong></span> 
     </span>
     <span class='ocr_line' id='line_1_11' title="bbox 115 1215 1157 1359; baseline 0 -14"><span class='ocrx_word' id='word_1_91' title='bbox 115 1277 272 1346; x_wconf 79' lang='lat' dir='ltr'><strong>Ecclesiis</strong></span> <span class='ocrx_word' id='word_1_92' title='bbox 300 1278 452 1353; x_wconf 76' lang='lat' dir='ltr'><strong>Galatiae,</strong></span> <span class='ocrx_word' id='word_1_93' title='bbox 479 1279 523 1343; x_wconf 76' lang='lat' dir='ltr'><strong>ita</strong></span> <span class='ocrx_word' id='word_1_94' title='bbox 549 1291 582 1343; x_wconf 89' lang='lat' dir='ltr'><strong>at</strong></span> <span class='ocrx_word' id='word_1_95' title='bbox 605 1302 661 1345; x_wconf 77' lang='lat' dir='ltr'><strong>sos</strong></span> <span class='ocrx_word' id='word_1_96' title='bbox 697 1302 757 1345; x_wconf 77' lang='lat' dir='ltr'><strong>aa.</strong></span> <span class='ocrx_word' id='word_1_97' title='bbox 779 1280 832 1345; x_wconf 69' lang='grc' dir='ltr'><strong>ιδ.</strong></span> <span class='ocrx_word' id='word_1_98' title='bbox 852 1279 939 1345; x_wconf 80' lang='lat' dir='ltr'><strong>Vide</strong></span> <span class='ocrx_word' id='word_1_99' title='bbox 952 1215 1086 1359; x_wconf 71' lang='lat' dir='ltr'><strong>Jolpls.</strong></span> <span class='ocrx_word' id='word_1_100' title='bbox 1108 1303 1157 1347; x_wconf 88' lang='grc' dir='ltr'><strong>ιο.</strong></span> 
     </span>
     <span class='ocr_line' id='line_1_12' title="bbox 113 1368 1324 1457; baseline 0.006 -25"><span class='ocrx_word' id='word_1_101' title='bbox 113 1368 225 1435; x_wconf 82' lang='lat' dir='ltr'><strong>facito.</strong></span> <span class='ocrx_word' id='word_1_102' title='bbox 244 1392 272 1434; x_wconf 89' lang='grc' dir='ltr'><strong>ι.</strong></span> <span class='ocrx_word' id='word_1_103' title='bbox 289 1368 367 1434; x_wconf 83' lang='lat' dir='ltr'><strong>Cor.</strong></span> <span class='ocrx_word' id='word_1_104' title='bbox 386 1370 436 1435; x_wconf 70' lang='lat' dir='ltr'><strong>ro.</strong></span> <span class='ocrx_word' id='word_1_105' title='bbox 456 1390 483 1432; x_wconf 91' lang='grc' dir='ltr'><strong>ι.</strong></span> <span class='ocrx_word' id='word_1_106' title='bbox 761 1368 806 1443; x_wconf 66' lang='lat' dir='ltr'><strong>Bt,</strong></span> <span class='ocrx_word' id='word_1_107' title='bbox 839 1379 1010 1455; x_wconf 81' lang='lat' dir='ltr'><strong>poscuntur</strong></span> <span class='ocrx_word' id='word_1_108' title='bbox 1046 1368 1263 1457; x_wconf 75' lang='lat' dir='ltr'><strong>primogeniti·</strong></span> <span class='ocrx_word' id='word_1_109' title='bbox 1322 1432 1324 1439; x_wconf 29' lang='lat' dir='ltr'><em>s</em></span> 
     </span>
     <span class='ocr_line' id='line_1_13' title="bbox 161 1454 1249 1557; baseline -0.003 -34"><span class='ocrx_word' id='word_1_110' title='bbox 161 1454 662 1535; x_wconf 82' lang='lat' dir='ltr'><strong>Notamantamlacimusvobis‚</strong></span> <span class='ocrx_word' id='word_1_111' title='bbox 705 1476 904 1557; x_wconf 84' lang='lat' dir='ltr'><strong>pauperum,</strong></span> <span class='ocrx_word' id='word_1_112' title='bbox 932 1466 964 1519; x_wconf 87' lang='lat' dir='ltr'><strong>ot</strong></span> <span class='ocrx_word' id='word_1_113' title='bbox 986 1476 1142 1544; x_wconf 72' lang='lat' dir='ltr'><strong>pauperes</strong></span> <span class='ocrx_word' id='word_1_114' title='bbox 1165 1456 1249 1521; x_wconf 90' lang='lat' dir='ltr'><strong>lidu-</strong></span> 
     </span>
     <span class='ocr_line' id='line_1_14' title="bbox 113 1541 1247 1634; baseline -0.002 -23"><span class='ocrx_word' id='word_1_115' title='bbox 113 1545 251 1634; x_wconf 74' lang='lat' dir='ltr'><strong>lratres‚</strong></span> <span class='ocrx_word' id='word_1_116' title='bbox 267 1546 404 1632; x_wconf 73' lang='lat' dir='ltr'><strong>gratiam</strong></span> <span class='ocrx_word' id='word_1_117' title='bbox 414 1544 495 1619; x_wconf 85' lang='lat' dir='ltr'><strong>Dei,</strong></span> <span class='ocrx_word' id='word_1_118' title='bbox 509 1565 580 1629; x_wconf 86' lang='lat' dir='ltr'><strong>quae</strong></span> <span class='ocrx_word' id='word_1_119' title='bbox 592 1542 665 1609; x_wconf 84' lang='lat' dir='ltr'><strong>data</strong></span> <span class='ocrx_word' id='word_1_120' title='bbox 706 1541 832 1626; x_wconf 78' lang='lat' dir='ltr'><strong>cislrter</strong></span> <span class='ocrx_word' id='word_1_121' title='bbox 850 1542 1072 1628; x_wconf 72' lang='lat' dir='ltr'><strong>requiescent,</strong></span> <span class='ocrx_word' id='word_1_122' title='bbox 1094 1556 1156 1610; x_wconf 86' lang='lat' dir='ltr'><strong>etc.</strong></span> <span class='ocrx_word' id='word_1_123' title='bbox 1180 1542 1247 1611; x_wconf 84' lang='lat' dir='ltr'><strong>Iso.</strong></span> 
     </span>
     <span class='ocr_line' id='line_1_15' title="bbox 112 1629 1251 1717; baseline -0.001 -17"><span class='ocrx_word' id='word_1_124' title='bbox 112 1629 665 1717; x_wconf 73' lang='lat' dir='ltr'><strong>estinlioelesiisllacedoniae2quod</strong></span> <span class='ocrx_word' id='word_1_125' title='bbox 713 1632 762 1708; x_wconf 67' lang='lat'><strong>14.</strong></span> <span class='ocrx_word' id='word_1_126' title='bbox 781 1630 836 1695; x_wconf 75' lang='lat'><strong>50.</strong></span> <span class='ocrx_word' id='word_1_127' title='bbox 860 1629 945 1710; x_wconf 89' lang='lat' dir='ltr'><strong>Quia</strong></span> <span class='ocrx_word' id='word_1_128' title='bbox 963 1631 1119 1700; x_wconf 81' lang='lat' dir='ltr'><strong>Dominus</strong></span> <span class='ocrx_word' id='word_1_129' title='bbox 1134 1631 1251 1699; x_wconf 87' lang='lat' dir='ltr'><strong>lunda-</strong></span> 
     </span>
     <span class='ocr_line' id='line_1_16' title="bbox 110 1716 1251 1809; baseline 0 -22"><span class='ocrx_word' id='word_1_130' title='bbox 110 1723 148 1787; x_wconf 92' lang='lat' dir='ltr'><strong>in</strong></span> <span class='ocrx_word' id='word_1_131' title='bbox 170 1721 275 1790; x_wconf 90' lang='lat' dir='ltr'><strong>multo</strong></span> <span class='ocrx_word' id='word_1_132' title='bbox 292 1721 511 1809; x_wconf 81' lang='lat' dir='ltr'><strong>experimento</strong></span> <span class='ocrx_word' id='word_1_133' title='bbox 531 1716 666 1792; x_wconf 72' lang='lat' dir='ltr'><strong>tribuh—</strong></span> <span class='ocrx_word' id='word_1_134' title='bbox 707 1718 753 1783; x_wconf 83' lang='lat' dir='ltr'><strong>vit</strong></span> <span class='ocrx_word' id='word_1_135' title='bbox 768 1716 865 1794; x_wconf 86' lang='lat' dir='ltr'><strong>Sion,</strong></span> <span class='ocrx_word' id='word_1_136' title='bbox 886 1731 918 1784; x_wconf 89' lang='lat' dir='ltr'><strong>et</strong></span> <span class='ocrx_word' id='word_1_137' title='bbox 936 1718 970 1784; x_wconf 94' lang='lat' dir='ltr'><strong>in</strong></span> <span class='ocrx_word' id='word_1_138' title='bbox 991 1720 1059 1807; x_wconf 85' lang='lat' dir='ltr'><strong>ipso</strong></span> <span class='ocrx_word' id='word_1_139' title='bbox 1075 1720 1251 1809; x_wconf 82' lang='lat' dir='ltr'><strong>speralrunt</strong></span> 
     </span>
     <span class='ocr_line' id='line_1_17' title="bbox 112 1804 1206 1896; baseline 0.001 -21"><span class='ocrx_word' id='word_1_140' title='bbox 112 1812 234 1885; x_wconf 87' lang='lat' dir='ltr'><strong>tionis,</strong></span> <span class='ocrx_word' id='word_1_141' title='bbox 250 1808 446 1875; x_wconf 81' lang='lat' dir='ltr'><strong>abundantia</strong></span> <span class='ocrx_word' id='word_1_142' title='bbox 461 1806 569 1896; x_wconf 77' lang='lat' dir='ltr'><strong>gaudii</strong></span> <span class='ocrx_word' id='word_1_143' title='bbox 580 1807 666 1894; x_wconf 87' lang='lat' dir='ltr'><strong>ipso-</strong></span> <span class='ocrx_word' id='word_1_144' title='bbox 707 1829 863 1895; x_wconf 86' lang='lat' dir='ltr'><strong>pauperos</strong></span> <span class='ocrx_word' id='word_1_145' title='bbox 879 1804 986 1895; x_wconf 90' lang='lat' dir='ltr'><strong>populi</strong></span> <span class='ocrx_word' id='word_1_146' title='bbox 1003 1808 1081 1895; x_wconf 86' lang='lat' dir='ltr'><strong>ejus.</strong></span> <span class='ocrx_word' id='word_1_147' title='bbox 1099 1833 1133 1875; x_wconf 85' lang='grc' dir='ltr'><strong>ο.</strong></span> <span class='ocrx_word' id='word_1_148' title='bbox 1153 1810 1206 1875; x_wconf 70' lang='lat' dir='ltr'><strong>dn.</strong></span> 
     </span>
     <span class='ocr_line' id='line_1_18' title="bbox 108 1894 1250 1991; baseline 0.002 -28"><span class='ocrx_word' id='word_1_149' title='bbox 108 1922 193 1963; x_wconf 89' lang='lat' dir='ltr'><strong>rum</strong></span> <span class='ocrx_word' id='word_1_150' title='bbox 205 1898 280 1962; x_wconf 86' lang='lat' dir='ltr'><strong>suit:</strong></span> <span class='ocrx_word' id='word_1_151' title='bbox 291 1908 325 1961; x_wconf 88' lang='lat' dir='ltr'><strong>at</strong></span> <span class='ocrx_word' id='word_1_152' title='bbox 336 1896 484 1961; x_wconf 86' lang='lat' dir='ltr'><strong>altissima</strong></span> <span class='ocrx_word' id='word_1_153' title='bbox 493 1905 666 1991; x_wconf 76' lang='lat' dir='ltr'><strong>paupertas</strong></span> <span class='ocrx_word' id='word_1_154' title='bbox 751 1894 924 1961; x_wconf 69' lang='lat' dir='ltr'><strong>trucident</strong></span> <span class='ocrx_word' id='word_1_155' title='bbox 944 1896 1037 1963; x_wconf 76' lang='lat' dir='ltr'><strong>initas</strong></span> <span class='ocrx_word' id='word_1_156' title='bbox 1057 1897 1089 1963; x_wconf 92' lang='lat' dir='ltr'><strong>in</strong></span> <span class='ocrx_word' id='word_1_157' title='bbox 1108 1896 1250 1965; x_wconf 85' lang='lat' dir='ltr'><strong>Domino</strong></span> 
     </span>
     <span class='ocr_line' id='line_1_19' title="bbox 113 1982 1249 2073; baseline 0.001 -22"><span class='ocrx_word' id='word_1_158' title='bbox 113 2006 259 2058; x_wconf 84' lang='lat' dir='ltr'><strong>eorum,</strong></span> <span class='ocrx_word' id='word_1_159' title='bbox 285 1984 458 2050; x_wconf 78' lang='lat' dir='ltr'><strong>abundavit</strong></span> <span class='ocrx_word' id='word_1_160' title='bbox 482 1984 515 2049; x_wconf 92' lang='lat' dir='ltr'><strong>in</strong></span> <span class='ocrx_word' id='word_1_161' title='bbox 542 1982 666 2049; x_wconf 81' lang='lat' dir='ltr'><strong>divitias</strong></span> <span class='ocrx_word' id='word_1_162' title='bbox 706 1982 868 2059; x_wconf 81' lang='lat' dir='ltr'><strong>laetitiam,</strong></span> <span class='ocrx_word' id='word_1_163' title='bbox 884 1996 916 2051; x_wconf 84' lang='lat' dir='ltr'><strong>at</strong></span> <span class='ocrx_word' id='word_1_164' title='bbox 931 2006 1087 2073; x_wconf 86' lang='lat' dir='ltr'><strong>pauperos</strong></span> <span class='ocrx_word' id='word_1_165' title='bbox 1101 1985 1249 2053; x_wconf 81' lang='lat' dir='ltr'><strong>hominos</strong></span> 
     </span>
     <span class='ocr_line' id='line_1_20' title="bbox 108 2070 1242 2161; baseline 0.002 -22"><span class='ocrx_word' id='word_1_166' title='bbox 108 2071 334 2161; x_wconf 72' lang='lat' dir='ltr'><strong>simplicitatis</strong></span> <span class='ocrx_word' id='word_1_167' title='bbox 347 2094 468 2145; x_wconf 82' lang='grc' dir='ltr'><strong>οοιιιιιι.</strong></span> <span class='ocrx_word' id='word_1_168' title='bbox 485 2095 516 2138; x_wconf 80' lang='grc' dir='ltr'><strong>ι.</strong></span> <span class='ocrx_word' id='word_1_169' title='bbox 532 2072 609 2137; x_wconf 82' lang='lat' dir='ltr'><strong>Cor.</strong></span> <span class='ocrx_word' id='word_1_170' title='bbox 629 2072 660 2136; x_wconf 90' lang='lat'><strong>8.</strong></span> <span class='ocrx_word' id='word_1_171' title='bbox 705 2072 866 2139; x_wconf 85' lang='lat' dir='ltr'><strong>inSanoto</strong></span> <span class='ocrx_word' id='word_1_172' title='bbox 874 2070 971 2139; x_wconf 72' lang='lat' dir='ltr'><strong>laradl</strong></span> <span class='ocrx_word' id='word_1_173' title='bbox 980 2071 1178 2141; x_wconf 80' lang='lat' dir='ltr'><strong>exultabunt.</strong></span> <span class='ocrx_word' id='word_1_174' title='bbox 1190 2074 1242 2141; x_wconf 80' lang='lat' dir='ltr'><strong>lu.</strong></span> 
     </span>
     <span class='ocr_line' id='line_1_21' title="bbox 94 2158 832 2247; baseline 0 -21"><span class='ocrx_word' id='word_1_175' title='bbox 94 2158 148 2226; x_wconf 85' lang='grc' dir='ltr'><strong>ἰ.</strong></span> <span class='ocrx_word' id='word_1_176' title='bbox 169 2184 200 2228; x_wconf 78' lang='lat' dir='ltr'><strong>a.</strong></span> <span class='ocrx_word' id='word_1_177' title='bbox 215 2161 253 2227; x_wconf 82' lang='lat' dir='ltr'><strong>si</strong></span> <span class='ocrx_word' id='word_1_178' title='bbox 263 2163 349 2227; x_wconf 88' lang='lat' dir='ltr'><strong>anim</strong></span> <span class='ocrx_word' id='word_1_179' title='bbox 361 2159 504 2234; x_wconf 84' lang='lat' dir='ltr'><strong>voluntas</strong></span> <span class='ocrx_word' id='word_1_180' title='bbox 514 2171 662 2247; x_wconf 87' lang='lat' dir='ltr'><strong>prompta</strong></span> <span class='ocrx_word' id='word_1_181' title='bbox 707 2181 758 2247; x_wconf 79' lang='lat'><strong>²9·</strong></span> <span class='ocrx_word' id='word_1_182' title='bbox 784 2182 832 2246; x_wconf 92' lang='grc' dir='ltr'><strong>ι9.</strong></span> 
     </span>
     <span class='ocr_line' id='line_1_22' title="bbox 112 2246 1247 2344; baseline 0 -27"><span class='ocrx_word' id='word_1_183' title='bbox 112 2261 187 2317; x_wconf 82' lang='lat' dir='ltr'><strong>ost:</strong></span> <span class='ocrx_word' id='word_1_184' title='bbox 201 2249 379 2331; x_wconf 74' lang='lat' dir='ltr'><strong>seeundum</strong></span> <span class='ocrx_word' id='word_1_185' title='bbox 389 2248 440 2322; x_wconf 91' lang='lat' dir='ltr'><strong>id,</strong></span> <span class='ocrx_word' id='word_1_186' title='bbox 453 2247 540 2337; x_wconf 88' lang='lat' dir='ltr'><strong>quod</strong></span> <span class='ocrx_word' id='word_1_187' title='bbox 550 2246 662 2322; x_wconf 80' lang='lat' dir='ltr'><strong>habet,</strong></span> <span class='ocrx_word' id='word_1_188' title='bbox 749 2247 838 2312; x_wconf 84' lang='lat' dir='ltr'><strong>Beati</strong></span> <span class='ocrx_word' id='word_1_189' title='bbox 850 2270 1005 2338; x_wconf 80' lang='lat' dir='ltr'><strong>pauperes</strong></span> <span class='ocrx_word' id='word_1_190' title='bbox 1017 2250 1154 2339; x_wconf 86' lang='lat' dir='ltr'><strong>spiritu:</strong></span> <span class='ocrx_word' id='word_1_191' title='bbox 1172 2275 1247 2344; x_wconf 83' lang='lat' dir='ltr'><strong>quo</strong></span> 
     </span>
     <span class='ocr_line' id='line_1_23' title="bbox 114 2334 1248 2428; baseline 0.001 -22"><span class='ocrx_word' id='word_1_192' title='bbox 114 2361 196 2406; x_wconf 78' lang='lat' dir='ltr'><strong>anea</strong></span> <span class='ocrx_word' id='word_1_193' title='bbox 220 2351 251 2405; x_wconf 82' lang='lat' dir='ltr'><strong>ta</strong></span> <span class='ocrx_word' id='word_1_194' title='bbox 263 2351 327 2411; x_wconf 71' lang='lat' dir='ltr'><strong>ostr</strong></span> <span class='ocrx_word' id='word_1_195' title='bbox 341 2361 407 2404; x_wconf 91' lang='lat' dir='ltr'><strong>non</strong></span> <span class='ocrx_word' id='word_1_196' title='bbox 418 2334 596 2405; x_wconf 82' lang='lat' dir='ltr'><strong>secundum</strong></span> <span class='ocrx_word' id='word_1_197' title='bbox 608 2336 662 2411; x_wconf 92' lang='lat' dir='ltr'><strong>id,</strong></span> <span class='ocrx_word' id='word_1_198' title='bbox 704 2336 791 2401; x_wconf 70' lang='lat' dir='ltr'><strong>nium</strong></span> <span class='ocrx_word' id='word_1_199' title='bbox 808 2336 948 2425; x_wconf 83' lang='lat' dir='ltr'><strong>ipsorum</strong></span> <span class='ocrx_word' id='word_1_200' title='bbox 965 2353 1013 2408; x_wconf 84' lang='lat' dir='ltr'><strong>est</strong></span> <span class='ocrx_word' id='word_1_201' title='bbox 1028 2364 1163 2428; x_wconf 83' lang='lat' dir='ltr'><strong>regnum</strong></span> <span class='ocrx_word' id='word_1_202' title='bbox 1181 2364 1248 2408; x_wconf 78' lang='grc' dir='ltr'><strong>οω-</strong></span> 
     </span>
     <span class='ocr_line' id='line_1_24' title="bbox 115 2363 1246 2515; baseline 0 -23"><span class='ocrx_word' id='word_1_203' title='bbox 115 2363 291 2515; x_wconf 66' lang='lat' dir='ltr'><strong>quoduon</strong></span> <span class='ocrx_word' id='word_1_204' title='bbox 310 2427 418 2493; x_wconf 81' lang='lat' dir='ltr'><strong>habet.</strong></span> <span class='ocrx_word' id='word_1_205' title='bbox 435 2425 510 2506; x_wconf 13' lang='lat' dir='ltr'><strong>*Non</strong></span> <span class='ocrx_word' id='word_1_206' title='bbox 525 2424 612 2493; x_wconf 87' lang='lat' dir='ltr'><strong>anim</strong></span> <span class='ocrx_word' id='word_1_207' title='bbox 627 2436 664 2491; x_wconf 90' lang='lat' dir='ltr'><strong>ut</strong></span> <span class='ocrx_word' id='word_1_208' title='bbox 704 2420 819 2492; x_wconf 86' lang='lat' dir='ltr'><strong>lorum.</strong></span> <span class='ocrx_word' id='word_1_209' title='bbox 838 2420 957 2493; x_wconf 79' lang='lat' dir='ltr'><strong>lllattlt.</strong></span> <span class='ocrx_word' id='word_1_210' title='bbox 970 2427 1001 2496; x_wconf 80' lang='grc'><strong>5.</strong></span> <span class='ocrx_word' id='word_1_211' title='bbox 1024 2429 1055 2493; x_wconf 75' lang='grc'><strong>5.</strong></span> <span class='ocrx_word' id='word_1_212' title='bbox 1068 2427 1154 2494; x_wconf 81' lang='lat' dir='ltr'><strong>ltom</strong></span> <span class='ocrx_word' id='word_1_213' title='bbox 1169 2427 1246 2494; x_wconf 77' lang='lat' dir='ltr'><strong>Luc.</strong></span> 
     </span>
     <span class='ocr_line' id='line_1_25' title="bbox 115 2513 1095 2595; baseline -0.01 -13"><span class='ocrx_word' id='word_1_214' title='bbox 115 2515 189 2582; x_wconf 77' lang='lat' dir='ltr'><strong>aliis</strong></span> <span class='ocrx_word' id='word_1_215' title='bbox 203 2517 244 2582; x_wconf 87' lang='lat' dir='ltr'><strong>sit</strong></span> <span class='ocrx_word' id='word_1_216' title='bbox 265 2515 429 2590; x_wconf 88' lang='lat' dir='ltr'><strong>remissio,</strong></span> <span class='ocrx_word' id='word_1_217' title='bbox 450 2513 540 2581; x_wconf 78' lang='lat' dir='ltr'><strong>rolris</strong></span> <span class='ocrx_word' id='word_1_218' title='bbox 555 2524 663 2578; x_wconf 83' lang='lat' dir='ltr'><strong>autem</strong></span> <span class='ocrx_word' id='word_1_219' title='bbox 704 2513 736 2582; x_wconf 83' lang='grc'><strong>6.</strong></span> <span class='ocrx_word' id='word_1_220' title='bbox 759 2533 811 2583; x_wconf 80' lang='grc' dir='ltr'><strong>ιο.</strong></span> <span class='ocrx_word' id='word_1_221' title='bbox 916 2579 923 2595; x_wconf 66' lang='grc'>,</span> <span class='ocrx_word' id='word_1_222' title='bbox 1087 2552 1095 2572; x_wconf 80' lang='grc'><strong>.</strong></span> 
     </span>
     <span class='ocr_line' id='line_1_26' title="bbox 115 2599 1248 2692; baseline -0.003 -22"><span class='ocrx_word' id='word_1_223' title='bbox 115 2602 307 2680; x_wconf 75' lang='lat' dir='ltr'><strong>tribulatio,</strong></span> <span class='ocrx_word' id='word_1_224' title='bbox 329 2604 386 2670; x_wconf 86' lang='lat' dir='ltr'><strong>sod</strong></span> <span class='ocrx_word' id='word_1_225' title='bbox 407 2626 450 2683; x_wconf 73' lang='lat' dir='ltr'><strong>ex</strong></span> <span class='ocrx_word' id='word_1_226' title='bbox 470 2599 660 2692; x_wconf 69' lang='lat' dir='ltr'><strong>equalitate,</strong></span> <span class='ocrx_word' id='word_1_227' title='bbox 748 2601 784 2670; x_wconf 91' lang='lat' dir='ltr'><strong>Si</strong></span> <span class='ocrx_word' id='word_1_228' title='bbox 803 2602 849 2668; x_wconf 80' lang='lat' dir='ltr'><strong>vis</strong></span> <span class='ocrx_word' id='word_1_229' title='bbox 863 2601 1026 2690; x_wconf 68' lang='lat' dir='ltr'><strong>perlaetus</strong></span> <span class='ocrx_word' id='word_1_230' title='bbox 1039 2625 1128 2677; x_wconf 83' lang='lat' dir='ltr'><strong>essa,</strong></span> <span class='ocrx_word' id='word_1_231' title='bbox 1150 2601 1229 2667; x_wconf 78' lang='lat' dir='ltr'><strong>eade</strong></span> <span class='ocrx_word' id='word_1_232' title='bbox 1239 2647 1248 2678; x_wconf 87' lang='lat'>‚</span> 
     </span>
     <span class='ocr_line' id='line_1_27' title="bbox 118 2688 1250 2780; baseline -0.007 -20"><span class='ocrx_word' id='word_1_233' title='bbox 118 2693 160 2760; x_wconf 93' lang='lat' dir='ltr'><strong>ln</strong></span> <span class='ocrx_word' id='word_1_234' title='bbox 195 2693 342 2780; x_wconf 68' lang='lat' dir='ltr'><strong>presenti</strong></span> <span class='ocrx_word' id='word_1_235' title='bbox 379 2704 527 2780; x_wconf 84' lang='lat' dir='ltr'><strong>temporo</strong></span> <span class='ocrx_word' id='word_1_236' title='bbox 559 2703 663 2757; x_wconf 81' lang='lat' dir='ltr'><strong>restra</strong></span> <span class='ocrx_word' id='word_1_237' title='bbox 705 2689 808 2760; x_wconf 77' lang='lat' dir='ltr'><strong>vende</strong></span> <span class='ocrx_word' id='word_1_238' title='bbox 828 2712 899 2777; x_wconf 77' lang='lat' dir='ltr'><strong>qun</strong></span> <span class='ocrx_word' id='word_1_239' title='bbox 918 2689 1039 2764; x_wconf 80' lang='lat' dir='ltr'><strong>habos,</strong></span> <span class='ocrx_word' id='word_1_240' title='bbox 1060 2701 1092 2753; x_wconf 87' lang='lat' dir='ltr'><strong>ot</strong></span> <span class='ocrx_word' id='word_1_241' title='bbox 1115 2688 1154 2752; x_wconf 87' lang='lat' dir='ltr'><strong>dn</strong></span> <span class='ocrx_word' id='word_1_242' title='bbox 1170 2711 1250 2776; x_wconf 85' lang='lat' dir='ltr'><strong>pou-</strong></span> 
     </span>
     <span class='ocr_line' id='line_1_28' title="bbox 106 2775 1249 2866; baseline -0.003 -18"><span class='ocrx_word' id='word_1_243' title='bbox 106 2780 316 2848; x_wconf 83' lang='lat' dir='ltr'><strong>-abundnntia</strong></span> <span class='ocrx_word' id='word_1_244' title='bbox 354 2777 484 2846; x_wconf 88' lang='lat' dir='ltr'><strong>illorum</strong></span> <span class='ocrx_word' id='word_1_245' title='bbox 521 2779 554 2846; x_wconf 93' lang='lat' dir='ltr'><strong>in</strong></span> <span class='ocrx_word' id='word_1_246' title='bbox 598 2779 665 2848; x_wconf 83' lang='lat' dir='ltr'><strong>iam</strong></span> <span class='ocrx_word' id='word_1_247' title='bbox 707 2779 858 2866; x_wconf 83' lang='lat' dir='ltr'><strong>peribus,</strong></span> <span class='ocrx_word' id='word_1_248' title='bbox 873 2775 1249 2844; x_wconf 75' lang='lat' dir='ltr'><strong>ethabebiatlrerrurum</strong></span> 
     </span>
     <span class='ocr_line' id='line_1_29' title="bbox 118 2863 1248 2957; baseline -0.002 -23"><span class='ocrx_word' id='word_1_249' title='bbox 118 2867 289 2957; x_wconf 79' lang='lat' dir='ltr'><strong>suppleat:</strong></span> <span class='ocrx_word' id='word_1_250' title='bbox 315 2881 351 2934; x_wconf 90' lang='lat' dir='ltr'><strong>ut</strong></span> <span class='ocrx_word' id='word_1_251' title='bbox 370 2881 404 2934; x_wconf 83' lang='lat' dir='ltr'><strong>at</strong></span> <span class='ocrx_word' id='word_1_252' title='bbox 417 2865 547 2936; x_wconf 86' lang='lat' dir='ltr'><strong>illorum</strong></span> <span class='ocrx_word' id='word_1_253' title='bbox 604 2891 666 2931; x_wconf 89' lang='lat' dir='ltr'><strong>un·</strong></span> <span class='ocrx_word' id='word_1_254' title='bbox 706 2867 740 2931; x_wconf 93' lang='lat' dir='ltr'><strong>in</strong></span> <span class='ocrx_word' id='word_1_255' title='bbox 759 2863 860 2932; x_wconf 82' lang='lat' dir='ltr'><strong>ooelor</strong></span> <span class='ocrx_word' id='word_1_256' title='bbox 878 2875 911 2930; x_wconf 87' lang='lat' dir='ltr'><strong>et</strong></span> <span class='ocrx_word' id='word_1_257' title='bbox 926 2863 1019 2940; x_wconf 84' lang='lat' dir='ltr'><strong>reni,</strong></span> <span class='ocrx_word' id='word_1_258' title='bbox 1038 2887 1171 2952; x_wconf 79' lang='lat' dir='ltr'><strong>sequere</strong></span> <span class='ocrx_word' id='word_1_259' title='bbox 1185 2887 1248 2939; x_wconf 75' lang='lat' dir='ltr'><strong>me.</strong></span> 
     </span>
     <span class='ocr_line' id='line_1_30' title="bbox 118 2949 1245 3046; baseline -0.001 -22"><span class='ocrx_word' id='word_1_260' title='bbox 118 2959 230 3024; x_wconf 81' lang='lat' dir='ltr'><strong>dantia</strong></span> <span class='ocrx_word' id='word_1_261' title='bbox 240 2970 353 3024; x_wconf 76' lang='lat' dir='ltr'><strong>vestre</strong></span> <span class='ocrx_word' id='word_1_262' title='bbox 365 2957 478 3045; x_wconf 72' lang='lat' dir='ltr'><strong>inopie</strong></span> <span class='ocrx_word' id='word_1_263' title='bbox 488 2954 666 3046; x_wconf 86' lang='lat' dir='ltr'><strong>sitsuppla·</strong></span> <span class='ocrx_word' id='word_1_264' title='bbox 706 2953 797 3026; x_wconf 79' lang='lat' dir='ltr'><strong>Ibid.</strong></span> <span class='ocrx_word' id='word_1_265' title='bbox 823 2976 871 3040; x_wconf 91' lang='grc' dir='ltr'><strong>ι9.</strong></span> <span class='ocrx_word' id='word_1_266' title='bbox 894 2975 946 3018; x_wconf 77' lang='grc' dir='ltr'><strong>ιι.</strong></span> <span class='ocrx_word' id='word_1_267' title='bbox 965 2949 1051 3018; x_wconf 85' lang='lat' dir='ltr'><strong>Item</strong></span> <span class='ocrx_word' id='word_1_268' title='bbox 1064 2953 1170 3036; x_wconf 83' lang='lat' dir='ltr'><strong>Maro.</strong></span> <span class='ocrx_word' id='word_1_269' title='bbox 1196 2979 1245 3023; x_wconf 86' lang='lat' dir='ltr'><strong>ro.</strong></span> 
     </span>
     <span class='ocr_line' id='line_1_31' title="bbox 117 3040 996 3131; baseline -0.01 -16"><span class='ocrx_word' id='word_1_270' title='bbox 117 3060 277 3115; x_wconf 86' lang='lat' dir='ltr'><strong>mantum.</strong></span> <span class='ocrx_word' id='word_1_271' title='bbox 293 3071 326 3114; x_wconf 88' lang='lat' dir='ltr'><strong>u.</strong></span> <span class='ocrx_word' id='word_1_272' title='bbox 346 3068 396 3111; x_wconf 79' lang='lat' dir='ltr'><strong>ra.</strong></span> <span class='ocrx_word' id='word_1_273' title='bbox 414 3062 522 3131; x_wconf 68' lang='lat' dir='ltr'><strong>urso.</strong></span> <span class='ocrx_word' id='word_1_274' title='bbox 653 3104 657 3112; x_wconf 90' lang='grc'><em>,</em></span> <span class='ocrx_word' id='word_1_275' title='bbox 709 3064 760 3108; x_wconf 81' lang='grc' dir='ltr'><strong>ιι.</strong></span> <span class='ocrx_word' id='word_1_276' title='bbox 780 3040 857 3110; x_wconf 54' lang='lat' dir='ltr'><strong>laur.</strong></span> <span class='ocrx_word' id='word_1_277' title='bbox 877 3043 925 3106; x_wconf 90' lang='grc' dir='ltr'><strong>ι8.</strong></span> <span class='ocrx_word' id='word_1_278' title='bbox 945 3061 996 3106; x_wconf 82' lang='grc' dir='ltr'><strong>ιι.</strong></span> 
     </span>
     <span class='ocr_line' id='line_1_32' title="bbox 164 3130 1249 3223; baseline 0 -23"><span class='ocrx_word' id='word_1_279' title='bbox 164 3134 303 3202; x_wconf 83' lang='lat' dir='ltr'><strong>&#39;l&#39;antlrm</strong></span> <span class='ocrx_word' id='word_1_280' title='bbox 316 3146 352 3200; x_wconf 91' lang='lat' dir='ltr'><strong>ut</strong></span> <span class='ocrx_word' id='word_1_281' title='bbox 362 3155 665 3223; x_wconf 66' lang='lat' dir='ltr'><strong>pauperummomo</strong></span> <span class='ocrx_word' id='word_1_282' title='bbox 752 3131 792 3198; x_wconf 81' lang='lat' dir='ltr'><strong>Et</strong></span> <span class='ocrx_word' id='word_1_283' title='bbox 807 3130 928 3206; x_wconf 89' lang='lat' dir='ltr'><strong>omnis,</strong></span> <span class='ocrx_word' id='word_1_284' title='bbox 946 3130 1005 3218; x_wconf 89' lang='lat' dir='ltr'><strong>qul</strong></span> <span class='ocrx_word' id='word_1_285' title='bbox 1016 3130 1178 3219; x_wconf 79' lang='lat' dir='ltr'><strong>reliquerit</strong></span> <span class='ocrx_word' id='word_1_286' title='bbox 1190 3135 1249 3200; x_wconf 92' lang='lat' dir='ltr'><strong>do·</strong></span> 
     </span>
     <span class='ocr_line' id='line_1_33' title="bbox 120 3216 1249 3305; baseline -0.001 -14"><span class='ocrx_word' id='word_1_287' title='bbox 120 3247 173 3291; x_wconf 86' lang='lat' dir='ltr'><strong>res</strong></span> <span class='ocrx_word' id='word_1_288' title='bbox 186 3244 346 3305; x_wconf 56' lang='lat' dir='ltr'><strong>ammas,</strong></span> <span class='ocrx_word' id='word_1_289' title='bbox 357 3222 466 3294; x_wconf 68' lang='lat' dir='ltr'><strong>aaut.</strong></span> <span class='ocrx_word' id='word_1_290' title='bbox 486 3245 516 3288; x_wconf 82' lang='lat' dir='ltr'><strong>a.</strong></span> <span class='ocrx_word' id='word_1_291' title='bbox 537 3244 586 3288; x_wconf 82' lang='lat' dir='ltr'><strong>ro.</strong></span> <span class='ocrx_word' id='word_1_292' title='bbox 707 3242 796 3286; x_wconf 87' lang='lat' dir='ltr'><strong>mum</strong></span> <span class='ocrx_word' id='word_1_293' title='bbox 808 3268 817 3294; x_wconf 88' lang='lat'>,</span> <span class='ocrx_word' id='word_1_294' title='bbox 831 3216 879 3284; x_wconf 86' lang='lat' dir='ltr'><strong>rol</strong></span> <span class='ocrx_word' id='word_1_295' title='bbox 892 3219 1005 3288; x_wconf 81' lang='lat' dir='ltr'><strong>fratros</strong></span> <span class='ocrx_word' id='word_1_296' title='bbox 1015 3270 1026 3296; x_wconf 92' lang='lat'>,</span> <span class='ocrx_word' id='word_1_297' title='bbox 1038 3233 1093 3288; x_wconf 85' lang='lat' dir='ltr'><strong>aut</strong></span> <span class='ocrx_word' id='word_1_298' title='bbox 1105 3243 1249 3299; x_wconf 82' lang='lat' dir='ltr'><strong>sorores,</strong></span> 
     </span>
    </p>
   </div>
   <div class='ocr_carea' id='block_1_2' title="bbox 90 3355 1250 3486">
    <p class='ocr_par' dir='ltr' id='par_1_2' title="bbox 90 3355 1250 3486">
     <span class='ocr_line' id='line_1_34' title="bbox 90 3355 1250 3486; baseline 0.047 -73"><span class='ocrx_word' id='word_1_299' title='bbox 90 3355 93 3359; x_wconf 79' lang='grc'><em>’</em></span> <span class='ocrx_word' id='word_1_300' title='bbox 207 3355 321 3422; x_wconf 83' lang='lat' dir='ltr'><strong>ADeo</strong></span> <span class='ocrx_word' id='word_1_301' title='bbox 335 3369 574 3420; x_wconf 58' lang='lat' dir='ltr'><strong>mumma?-</strong></span> <span class='ocrx_word' id='word_1_302' title='bbox 605 3435 609 3440; x_wconf 90' lang='lat'>.</span> <span class='ocrx_word' id='word_1_303' title='bbox 709 3399 860 3472; x_wconf 62' lang='lat' dir='ltr'><strong>mrem,</strong></span> <span class='ocrx_word' id='word_1_304' title='bbox 884 3406 942 3465; x_wconf 74' lang='lat' dir='ltr'><strong>aut</strong></span> <span class='ocrx_word' id='word_1_305' title='bbox 959 3393 1039 3466; x_wconf 85' lang='lat' dir='ltr'><strong>lilios</strong></span> <span class='ocrx_word' id='word_1_306' title='bbox 1052 3401 1069 3474; x_wconf 64' lang='lat'><strong>‚¹</strong></span> <span class='ocrx_word' id='word_1_307' title='bbox 1086 3408 1147 3462; x_wconf 59' lang='lat' dir='ltr'><strong>aut*</strong></span> <span class='ocrx_word' id='word_1_308' title='bbox 1159 3419 1250 3486; x_wconf 77' lang='lat' dir='ltr'><strong>agros</strong></span> 
     </span>
    </p>
   </div>
   <div class='ocr_carea' id='block_1_3' title="bbox 122 3474 1343 4192">
    <p class='ocr_par' dir='ltr' id='par_1_3' title="bbox 122 3474 1343 3928">
     <span class='ocr_line' id='line_1_35' title="bbox 168 3474 1343 3574; baseline 0.002 -24"><span class='ocrx_word' id='word_1_309' title='bbox 168 3483 312 3550; x_wconf 78' lang='lat' dir='ltr'><strong>Exultate</strong></span> <span class='ocrx_word' id='word_1_310' title='bbox 334 3485 368 3550; x_wconf 89' lang='lat' dir='ltr'><strong>ln</strong></span> <span class='ocrx_word' id='word_1_311' title='bbox 394 3474 570 3571; x_wconf 77' lang='lat' dir='ltr'><strong>conspeetu</strong></span> <span class='ocrx_word' id='word_1_312' title='bbox 596 3481 666 3569; x_wconf 79' lang='lat' dir='ltr'><strong>ejus</strong></span> <span class='ocrx_word' id='word_1_313' title='bbox 708 3495 839 3574; x_wconf 85' lang='lat' dir='ltr'><strong>proptor</strong></span> <span class='ocrx_word' id='word_1_314' title='bbox 856 3505 974 3551; x_wconf 83' lang='lat' dir='ltr'><strong>noman</strong></span> <span class='ocrx_word' id='word_1_315' title='bbox 991 3507 1119 3562; x_wconf 83' lang='lat' dir='ltr'><strong>meum,</strong></span> <span class='ocrx_word' id='word_1_316' title='bbox 1137 3500 1251 3552; x_wconf 85' lang='lat' dir='ltr'><strong>oentu-</strong></span> <span class='ocrx_word' id='word_1_317' title='bbox 1341 3485 1343 3490; x_wconf 76' lang='grc'><strong>’</strong></span> 
     </span>
     <span class='ocr_line' id='line_1_36' title="bbox 127 3558 1252 3677; baseline 0.002 -39"><span class='ocrx_word' id='word_1_318' title='bbox 127 3573 377 3677; x_wconf 67' lang='lat' dir='ltr'><strong>(Duil-&#39;patris</strong></span> <span class='ocrx_word' id='word_1_319' title='bbox 388 3573 668 3661; x_wconf 68' lang='lat' dir='ltr'><strong>orphanorum,at</strong></span> <span class='ocrx_word' id='word_1_320' title='bbox 708 3569 799 3662; x_wconf 87' lang='lat' dir='ltr'><strong>plum</strong></span> <span class='ocrx_word' id='word_1_321' title='bbox 815 3558 974 3660; x_wconf 77' lang='lat' dir='ltr'><strong>aodipiot,¹</strong></span> <span class='ocrx_word' id='word_1_322' title='bbox 991 3585 1024 3637; x_wconf 86' lang='lat' dir='ltr'><strong>et</strong></span> <span class='ocrx_word' id='word_1_323' title='bbox 1046 3573 1143 3640; x_wconf 79' lang='lat' dir='ltr'><strong>vitam</strong></span> <span class='ocrx_word' id='word_1_324' title='bbox 1157 3587 1252 3642; x_wconf 84' lang='lat' dir='ltr'><strong>aetor-</strong></span> 
     </span>
     <span class='ocr_line' id='line_1_37' title="bbox 122 3659 1213 3752; baseline 0 -25"><span class='ocrx_word' id='word_1_325' title='bbox 122 3661 241 3752; x_wconf 85' lang='lat' dir='ltr'><strong>judicis</strong></span> <span class='ocrx_word' id='word_1_326' title='bbox 256 3661 434 3736; x_wconf 69' lang='lat' dir='ltr'><strong>arduarum.</strong></span> <span class='ocrx_word' id='word_1_327' title='bbox 452 3659 541 3726; x_wconf 70' lang='lat' dir='ltr'><strong>Prot.</strong></span> <span class='ocrx_word' id='word_1_328' title='bbox 559 3659 612 3745; x_wconf 78' lang='lat'><strong>67.</strong></span> <span class='ocrx_word' id='word_1_329' title='bbox 632 3659 663 3726; x_wconf 84' lang='grc'><strong>5.</strong></span> <span class='ocrx_word' id='word_1_330' title='bbox 708 3684 783 3731; x_wconf 86' lang='lat' dir='ltr'><strong>nam</strong></span> <span class='ocrx_word' id='word_1_331' title='bbox 798 3659 982 3750; x_wconf 76' lang='lat' dir='ltr'><strong>possidebit.</strong></span> <span class='ocrx_word' id='word_1_332' title='bbox 999 3659 1089 3726; x_wconf 77' lang='lat' dir='ltr'><strong>Idid.</strong></span> <span class='ocrx_word' id='word_1_333' title='bbox 1107 3685 1140 3726; x_wconf 81' lang='lat' dir='ltr'><strong>v.</strong></span> <span class='ocrx_word' id='word_1_334' title='bbox 1162 3686 1213 3752; x_wconf 73' lang='lat'><strong>²9·</strong></span> 
     </span>
     <span class='ocr_line' id='line_1_38' title="bbox 123 3748 1250 3835; baseline 0 -19"><span class='ocrx_word' id='word_1_335' title='bbox 123 3753 155 3817; x_wconf 83' lang='lat' dir='ltr'><strong>o.</strong></span> <span class='ocrx_word' id='word_1_336' title='bbox 171 3751 292 3816; x_wconf 83' lang='lat' dir='ltr'><strong>Parasti</strong></span> <span class='ocrx_word' id='word_1_337' title='bbox 304 3750 338 3816; x_wconf 91' lang='lat' dir='ltr'><strong>in</strong></span> <span class='ocrx_word' id='word_1_338' title='bbox 349 3748 519 3814; x_wconf 83' lang='lat' dir='ltr'><strong>dulcedine</strong></span> <span class='ocrx_word' id='word_1_339' title='bbox 529 3751 667 3835; x_wconf 76' lang='lat' dir='ltr'><strong>tulpau·</strong></span> <span class='ocrx_word' id='word_1_340' title='bbox 727 3782 732 3791; x_wconf 91' lang='lat'><strong>·</strong></span> <span class='ocrx_word' id='word_1_341' title='bbox 753 3751 856 3816; x_wconf 83' lang='lat' dir='ltr'><strong>Amen</strong></span> <span class='ocrx_word' id='word_1_342' title='bbox 869 3749 942 3834; x_wconf 86' lang='lat' dir='ltr'><strong>dico</strong></span> <span class='ocrx_word' id='word_1_343' title='bbox 952 3748 1061 3814; x_wconf 78' lang='lat' dir='ltr'><strong>rolris:</strong></span> <span class='ocrx_word' id='word_1_344' title='bbox 1075 3771 1170 3814; x_wconf 91' lang='lat' dir='ltr'><strong>nemo</strong></span> <span class='ocrx_word' id='word_1_345' title='bbox 1182 3762 1250 3824; x_wconf 84' lang='lat' dir='ltr'><strong>est,</strong></span> 
     </span>
     <span class='ocr_line' id='line_1_39' title="bbox 122 3835 1251 3928; baseline -0.004 -24"><span class='ocrx_word' id='word_1_346' title='bbox 122 3838 192 3928; x_wconf 82' lang='lat' dir='ltr'><strong>peri</strong></span> <span class='ocrx_word' id='word_1_347' title='bbox 206 3889 215 3914; x_wconf 93' lang='lat'><em>,</em></span> <span class='ocrx_word' id='word_1_348' title='bbox 230 3839 330 3910; x_wconf 84' lang='lat' dir='ltr'><strong>Deus.</strong></span> <span class='ocrx_word' id='word_1_349' title='bbox 346 3861 381 3904; x_wconf 82' lang='grc' dir='ltr'><strong>ο.</strong></span> <span class='ocrx_word' id='word_1_350' title='bbox 402 3861 451 3904; x_wconf 88' lang='grc' dir='ltr'><strong>ιι.</strong></span> <span class='ocrx_word' id='word_1_351' title='bbox 708 3839 762 3927; x_wconf 91' lang='lat' dir='ltr'><strong>qui</strong></span> <span class='ocrx_word' id='word_1_352' title='bbox 779 3835 945 3925; x_wconf 78' lang='lat' dir='ltr'><strong>reliquerit</strong></span> <span class='ocrx_word' id='word_1_353' title='bbox 960 3835 1104 3913; x_wconf 90' lang='lat' dir='ltr'><strong>domum,</strong></span> <span class='ocrx_word' id='word_1_354' title='bbox 1121 3849 1176 3903; x_wconf 81' lang='lat' dir='ltr'><strong>out</strong></span> <span class='ocrx_word' id='word_1_355' title='bbox 1192 3837 1251 3900; x_wconf 83' lang='lat' dir='ltr'><strong>sra-</strong></span> 
     </span>
    </p>

    <p class='ocr_par' dir='ltr' id='par_1_4' title="bbox 125 3925 1254 4192">
     <span class='ocr_line' id='line_1_40' title="bbox 155 3925 1250 4014; baseline -0.009 -21"><span class='ocrx_word' id='word_1_356' title='bbox 155 3927 237 4002; x_wconf 59' lang='lat' dir='ltr'><strong>rlist,</strong></span> <span class='ocrx_word' id='word_1_357' title='bbox 247 3927 347 3994; x_wconf 84' lang='lat' dir='ltr'><strong>homo</strong></span> <span class='ocrx_word' id='word_1_358' title='bbox 367 3925 548 4002; x_wconf 84' lang='lat' dir='ltr'><strong>marcidus,</strong></span> <span class='ocrx_word' id='word_1_359' title='bbox 571 3948 669 4014; x_wconf 80' lang='lat' dir='ltr'><strong>egens</strong></span> <span class='ocrx_word' id='word_1_360' title='bbox 708 3938 792 4002; x_wconf 86' lang='lat' dir='ltr'><strong>tres,</strong></span> <span class='ocrx_word' id='word_1_361' title='bbox 810 3937 865 3992; x_wconf 83' lang='lat' dir='ltr'><strong>aut</strong></span> <span class='ocrx_word' id='word_1_362' title='bbox 877 3947 1022 4000; x_wconf 82' lang='lat' dir='ltr'><strong>sorores,</strong></span> <span class='ocrx_word' id='word_1_363' title='bbox 1038 3933 1250 4009; x_wconf 65' lang='lat' dir='ltr'><strong>autpertum,</strong></span> 
     </span>
     <span class='ocr_line' id='line_1_41' title="bbox 125 4007 1253 4104; baseline -0.009 -22"><span class='ocrx_word' id='word_1_364' title='bbox 125 4016 391 4104; x_wconf 74' lang='lat' dir='ltr'><strong>recuperatione,</strong></span> <span class='ocrx_word' id='word_1_365' title='bbox 418 4011 490 4103; x_wconf 84' lang='lat' dir='ltr'><strong>plus</strong></span> <span class='ocrx_word' id='word_1_366' title='bbox 515 4013 667 4082; x_wconf 80' lang='lat' dir='ltr'><strong>deficiens</strong></span> <span class='ocrx_word' id='word_1_367' title='bbox 709 4026 778 4080; x_wconf 82' lang='lat' dir='ltr'><strong>aut·</strong></span> <span class='ocrx_word' id='word_1_368' title='bbox 794 4027 951 4086; x_wconf 87' lang='lat' dir='ltr'><strong>matram,</strong></span> <span class='ocrx_word' id='word_1_369' title='bbox 983 4023 1038 4076; x_wconf 84' lang='lat' dir='ltr'><strong>out</strong></span> <span class='ocrx_word' id='word_1_370' title='bbox 1064 4007 1146 4088; x_wconf 86' lang='lat' dir='ltr'><strong>filios</strong></span> <span class='ocrx_word' id='word_1_371' title='bbox 1161 4015 1178 4081; x_wconf 86' lang='lat'><strong>,&#39;</strong></span> <span class='ocrx_word' id='word_1_372' title='bbox 1198 4021 1253 4072; x_wconf 88' lang='lat' dir='ltr'><strong>aut</strong></span> 
     </span>
     <span class='ocr_line' id='line_1_42' title="bbox 125 4101 1254 4192; baseline -0.008 -21"><span class='ocrx_word' id='word_1_373' title='bbox 125 4103 261 4182; x_wconf 75' lang='lat' dir='ltr'><strong>virtuto.</strong></span> <span class='ocrx_word' id='word_1_374' title='bbox 286 4115 320 4172; x_wconf 86' lang='lat' dir='ltr'><strong>at</strong></span> <span class='ocrx_word' id='word_1_375' title='bbox 341 4101 507 4172; x_wconf 77' lang='lat' dir='ltr'><strong>abundans</strong></span> <span class='ocrx_word' id='word_1_376' title='bbox 529 4124 668 4192; x_wconf 84' lang='lat' dir='ltr'><strong>pauper·</strong></span> <span class='ocrx_word' id='word_1_377' title='bbox 712 4125 804 4191; x_wconf 72' lang='lat' dir='ltr'><strong>agros</strong></span> <span class='ocrx_word' id='word_1_378' title='bbox 827 4112 958 4188; x_wconf 84' lang='lat' dir='ltr'><strong>propter</strong></span> <span class='ocrx_word' id='word_1_379' title='bbox 978 4121 1051 4173; x_wconf 81' lang='lat' dir='ltr'><strong>nra,</strong></span> <span class='ocrx_word' id='word_1_380' title='bbox 1074 4105 1107 4162; x_wconf 85' lang='lat' dir='ltr'><strong>at</strong></span> <span class='ocrx_word' id='word_1_381' title='bbox 1125 4105 1254 4182; x_wconf 82' lang='lat' dir='ltr'><strong>proptor</strong></span> 
     </span>
    </p>
   </div>
   <div class='ocr_carea' id='block_1_4' title="bbox 0 0 1488 4675">
    <p class='ocr_par' dir='ltr' id='par_1_5' title="bbox 0 0 1488 4675">
     <span class='ocr_line' id='line_1_43' title="bbox 0 0 1488 4675; baseline 0 5"><span class='ocrx_word' id='word_1_382' title='bbox 0 0 1488 4675; x_wconf 95' lang='lat' dir='ltr'><strong> </strong></span> 
     </span>
    </p>
   </div>
   <div class='ocr_carea' id='block_1_5' title="bbox 709 3319 1377 3395">
    <p class='ocr_par' dir='ltr' id='par_1_6' title="bbox 709 3319 1377 3395">
     <span class='ocr_line' id='line_1_44' title="bbox 709 3319 1377 3395; baseline 0.01 -24"><span class='ocrx_word' id='word_1_383' title='bbox 709 3319 763 3378; x_wconf 77' lang='lat' dir='ltr'><strong>aut</strong></span> <span class='ocrx_word' id='word_1_384' title='bbox 782 3319 925 3395; x_wconf 80' lang='lat' dir='ltr'><strong>patrem,</strong></span> <span class='ocrx_word' id='word_1_385' title='bbox 947 3319 1002 3374; x_wconf 81' lang='lat' dir='ltr'><strong>aut</strong></span> <span class='ocrx_word' id='word_1_386' title='bbox 1017 3321 1173 3384; x_wconf 84' lang='lat' dir='ltr'><strong>matrem,</strong></span> <span class='ocrx_word' id='word_1_387' title='bbox 1195 3324 1251 3378; x_wconf 84' lang='lat' dir='ltr'><strong>aut</strong></span> <span class='ocrx_word' id='word_1_388' title='bbox 1376 3353 1377 3360; x_wconf 29' lang='grc' dir='ltr'><strong>ι</strong></span> 
     </span>
    </p>
   </div>
  </div>
 </body>
</html>
