2967 4675
246 287 308 365 tta
476 281 555 361 sll‘
1056 286 1135 362 SAP

289 407 403 474 Omnia
430 420 538 473 autem
559 407 712 480 Dominus
735 399 783 471 le·
825 429 907 473 corsa
925 407 1029 473 Ereti.
1044 408 1075 470 fs
1095 431 1146 472 as.
1163 406 1196 470 V
1197 403 1341 472 idea-ai.

244 501 305 573 eit,
324 510 355 561 et
376 497 428 585 pie
444 496 608 584 agentibus
631 488 718 560 dedit
737 519 783 560 sa-
824 512 929 583 etseq.

242 587 404 682 pientiam.
424 583 513 650 Ibid.
533 584 587 663 45.
608 585 660 671 57.
869 584 940 649 Nou
964 596 1013 649 est
1042 586 1128 650 enim
1158 585 1290 674 populus
1308 609 1351 649 sa-
1441 582 1442 593 ’

286 675 353 762 Ego
382 674 537 738 Dominus
567 673 653 738 Deus
684 686 781 747 tuus,
824 674 937 760 piens,
960 685 1130 761 propterea
1152 697 1217 740 non
1238 675 1351 740 misere

242 765 360 828 docens
389 774 420 826 te
447 761 564 836 utilia.
612 774 673 828 eto.
710 761 777 828 Ira.
824 762 1009 848 biturejus‚
1027 763 1346 849 quileeitenm‚eto.

241 855 364 938 48.17.
822 850 891 916 Iaa.
914 867 964 936 27.
988 873 1038 915 11.

286 939 367 1019 Quis
383 938 526 1005 aseendit
543 939 575 1003 iu
592 937 728 1013 coelum,
750 950 783 1003 et
867 942 907 1004 Et
923 938 1061 1042 populus
1075 961 1141 1004 non
1162 937 1349 1030 intelligens.

242 1029 365 1182 agcepit
380 1029 727 1182 eomparaffltimpl,
749 1039 782 1131 et
823 1027 995 1117 vapulabit.
1016 1030 1095 1094 Osee
1110 1031 1141 1108 4.
1167 1031 1220 1108 ι4.·

241 1129 454 1272 tettan
472 1139 587 1280 ιι]
605 1115 781 1270 ntus
822 1159 1172 1258 atomo
1190 1159 1357 1246 ama

241 1295 350 1361 illam?
371 1333 414 1344 -
435 1293 507 1360 Non
534 1306 581 1358 est
602 1293 657 1381 qui
683 1294 782 1382 possit
944 1266 1045 1314 ΜΨ
1062 1248 1108 1312 “d
1122 1249 1242 1315 mm

241 1387 322 1452 seire
337 1385 402 1449 vias
418 1384 505 1472 ejus,
522 1396 583 1448 eto.
598 1381 732 1449 Baruob
746 1384 775 1447 5.
866 1382 942 1448 linc
956 1394 1004 1448 est
1016 1384 1105 1448 enim
1120 1396 1225 1448 vestra
1244 1385 1352 1473 sapien·

243 1497 293 1562 ag.
311 1475 342 1538 V
343 1473 396 1538 ide
406 1497 439 1538 o.
461 1473 512 1536 ab.
534 1475 585 1537 ad.
822 1472 886 1547 tia,
903 1484 936 1537 et
951 1470 1129 1538 intelleetus
1143 1495 1254 1539 coram
1265 1497 1353 1562 popu·

286 1563 334 1630 Sit
349 1585 466 1626 nomen
482 1559 611 1626 Domini
627 1559 781 1625 benedie—
821 1559 880 1636 lis,
900 1572 936 1624 ut
951 1560 1115 1633 anffieutrs
1128 1562 1274 1626 universa
1285 1585 1355 1651 prae-

239 1665 308 1716 tnm
329 1659 346 1716 t
368 1650 485 1716 saeculo
505 1662 537 1714 et
557 1649 704 1736 usquein
721 1671 780 1713 sse·
822 1661 914 1736 cepta
942 1648 1030 1725 hee,
1068 1649 1178 1716 dicant
1202 1675 1211 1715 ι
1235 1652 1286 1716 En
1310 1673 1359 1740 po

240 1739 348 1805 culum
363 1763 371 1803 ι
387 1739 460 1826 quia
476 1738 628 1826 sapientia
645 1749 677 1802 et
693 1738 781 1803 lorti·
823 1737 916 1826 pulus
945 1739 1071 1826 sapiens
1100 1751 1139 1804 et'
1159 1737 1357 1829 intelligens,

239 1827 317 1916 tudo
332 1827 401 1914 ejus
422 1838 515 1901 suut,
537 1839 598 1891 ete.
629 1827 718 1892 Dan.
747 1850 776 1891 a.
822 1848 899 1916 gens
914 1849 1040 1915 magna.
1059 1829 1155 1910 Deru.
1174 1832 1206 1908 4.
1226 1830 1259 1894 6.

242 1939 292 1981 ao.
312 1917 384 2005 lpse
406 1912 524 1979 revelat
543 1913 722 2003 profunda,
748 1927 780 1979 et
865 1917 906 1980 Et
934 1915 1013 1980 dixit
1041 1916 1183 2004 (Darsa)
1213 1917 1356 1982 bomini:

240 2003 449 2079 abscondita,
473 2014 506 2066 et
529 2005 616 2068 norit
633 2003 666 2066 in
690 2015 781 2068 tene·
823 2006 909 2070 Ecce
936 2005 1032 2069 timor
1053 2005 1205 2082 Domini,
1226 2007 1296 2096 ipsa
1316 2019 1360 2071 est
1441 2088 1443 2093 y

239 2094 305 2158 bris
321 2092 493 2158 constituta
509 2116 516 2150 ι
537 2103 568 2156 et
584 2088 638 2155 lux
650 2113 725 2156 enm
741 2115 780 2155 eo
821 2093 974 2182 sapientia
992 2116 1000 2158 :
1022 2105 1055 2158 et
1065 2094 1246 2160 recederet
1260 2095 1361 2170 malo,

238 2194 296 2250 est.
311 2205 344 2246 e.
367 2203 417 2245 aa.
436 2178 523 2244 Vide
532 2203 565 2244 e.
587 2201 638 2244 aa.
657 2182 709 2244 ab.
822 2181 1039 2270 intelligentia.
1058 2183 1122 2248 lot
1137 2186 1188 2248 28.
1206 2188 1259 2249 28.

283 2270 447 2337 Confiteor
466 2268 548 2344 tibi,
574 2268 690 2347 Pater,
717 2269 780 2334 Do·
866 2272 957 2337 Habe
971 2271 1362 2340 fiduciaminDominoex

238 2363 323 2429 mine
338 2361 410 2427 omli
426 2371 458 2425 et
477 2371 592 2435 teum,
616 2359 691 2445 quia
706 2359 777 2425 abs·
822 2360 999 2426 totocorde
1014 2374 1089 2437 tuo,
1108 2374 1141 2425 et
1157 2375 1198 2427 tre
1216 2363 1363 2429 innitaris

239 2450 374 2518 condisti
391 2452 459 2517 lraeo
474 2455 493 2514 b
508 2448 722 2537 sapientibus,
746 2461 779 2512 et
821 2450 1000 2538 prudentiae
1014 2461 1090 2515 tuae
1108 2452 1209 2515 Proo.
1233 2452 1265 2515 b.
1285 2454 1318 2517 5.

238 2540 476 2630 prudentibus,
506 2550 538 2604 et
565 2537 709 2603 revelasti
741 2560 778 2602 ea
866 2538 999 2627 Sapiens
1017 2540 1126 2615 timet,
1142 2551 1176 2605 et
1187 2539 1361 2607 declinata

237 2629 387 2721 parvulis.
411 2628 531 2697 Massa.
559 2650 607 2693 ιι.
625 2628 676 2693 ab.
692 2625 780 2691 Item
820 2626 915 2691 malo.
931 2627 1021 2693 Ibid.
1046 2631 1094 2706 ι4.
1118 2628 1167 2691 16.

237 2719 314 2787 lato.
341 2744 389 2787 ιο.
411 2744 462 2786 ar.
867 2716 930 2796 Qui
953 2716 994 2782 de
1015 2714 1088 2783 luce
1112 2714 1292 2807 vigilaverit
1321 2718 1363 2783 ad

268 2809 317 2877 ‚si
335 2810 405 2897 quis
423 2820 531 2873 eutem
541 2810 681 2872 vestrum
698 2801 778 2869 indi·
820 2803 908 2870 illam
926 2806 1180 2894 (sapientiam),
1197 2806 1364 2871 nonlabo·

237 2910 292 2987 get
307 2920 338 2962 sa
363 2898 483 2971 lentii,
507 2894 680 2983 postulata
696 2894 774 2958 Deo.
821 2894 925 2959 rabit:
944 2894 1135 2960 assidentem
1161 2894 1247 2959 enim
1276 2895 1364 2961 illam

237 2992 281 3037 -'
292 2998 325 3050 et
336 2922 464 3050 «labitur
474 2982 597 3049 ailoe.
612 3008 638 3047 1.
650 2984 680 3047 5.
694 2982 780 3046 Vide
819 2982 940 3047 loribus
950 2984 1014 3048 suis
1026 2983 1182 3059 inveniet,
1199 2997 1261 3049 ete.
1275 2985 1358 3073 Sap.

237 3096 264 3137 a.
300 3076 330 3138 ὅ.
381 3074 428 3138 ιδ’.
468 3072 642 3157 usquead
676 3071 780 3159 (inem
820 3072 1266 3159 6.15.Videtotumaapat.

235 3163 365 3251 cupitis.
863 3159 1031 3227 Neminem
1050 3162 1136 3226 euim
1146 3158 1242 3245 diligit
1253 3157 1357 3234 Deus,

329 3296 361 3361 Α
378 3294 476 3359 ”tim
492 3270 678 3382 mimi·
818 3245 1358 3425 ill.itl2ifslii.ilmn2⁹i,iii

281 3427 477 3517 Sapientiam
491 3436 586 3512 atque
597 3425 777 3491 doctrinam
818 3427 902 3492 osior
927 3426 1011 3503 solo,
1039 3438 1109 3493 eto.¹
1131 3426 1221 3493 Ibid.
1247 3450 1279 3513 7.
1303 3428 1359 3491 ab.

236 3516 325 3583 stulti
340 3514 529 3604 despiciunt.
553 3516 652 3581 Pron.
674 3538 700 3578 ι.
721 3539 751 3601 7.
820 3538 871 3603 ap.-

282 3604 476 3693 Sapientiam
490 3602 575 3668 enim
591 3614 622 3667 et
634 3602 777 3689 discipli·
862 3604 993 3669 lnitium
1006 3604 1183 3694 sapientise,
1193 3604 1363 3670 timor-lio

236 3716 311 3759 num
336 3696 391 3782 qui
414 3693 550 3782 abjioit,
578 3688 686 3756 infelix
708 3703 775 3763 est,
816 3693 1069 3761 mini.Eeeli.1.
1090 3694 1358 3778 so.(1umt’nt.

235 3798 296 3851 etc.
316 3784 395 3872 Sap.
418 3784 448 3849 b.
473 3806 521 3847 ιι.
820 3805 891 3847 ιιο.
918 3806 965 3849 ιο.
990 3784 1090 3848 Pron.
1121 3806 1147 3846 ι.
1174 3803 1204 3869 7.
1226 3799 1258 3848 et
1279 3808 1309 3849 c.
1327 3808 1358 3870 9.

292 3874 397 3954 Quam
424 3894 534 3960 aspera
561 3882 610 3935 est
642 3868 776 3933 nimium
820 3874 894 3959 ιο.)
925 3867 1029 3953 Radix
1055 3870 1219 3961 sapientie
1245 3884 1295 3937 eat
1321 3873 1362 3936 ti·

235 3962 387 4052 sapientia
409 3961 543 4029 indoctis
568 3957 775 4025 hominibusi
815 3982 903 4027 mere
918 3959 1044 4034 Deum,
1061 3972 1094 4024 et
1106 3961 1188 4025 rami
1200 3959 1360 4026 illiuslon-

233 4064 265 4117 et
287 4076 349 4121 nou
371 4049 571 4142 permanebit
593 4050 626 4117 in
645 4046 696 4114 illa
719 4070 776 4113 ex·
815 4050 904 4137 gari.
921 4072 955 4115 ο.
974 4050 1027 4114 ab.
1043 4048 1207 4137 Sapientia
1226 4050 1315 4116 enim
1329 4061 1359 4112 et
