2967 4675
353 287 425 362 VlC
936 288 1009 359 vlu
1192 293 1254 359 555

126 449 128 454 .
161 398 248 464 Dixit
272 421 312 464 ue
342 397 498 472 Dominus
525 399 565 463 od
602 397 668 464 Ge·
709 401 760 465 15.
781 395 867 465 Item
893 423 919 465 1.
942 400 1058 467 Poral.
1083 406 1132 482 ι4.
1157 427 1205 469 ιο.
1227 419 1258 469 ιι

117 483 199 553 deon
215 512 223 554 t
241 421 360 554 llultus
376 499 485 553 tecum
501 499 548 554 est
569 511 668 577 popu·
706 504 879 575 sequentes.

117 573 184 654 lus,
198 601 258 644 nee
272 577 415 642 tradetur
423 572 550 642 Madian
559 577 592 646 in
602 601 668 642 me·
751 576 902 643 Clemens
926 592 1035 645 antem
1064 579 1258 658 Achimaas,

115 688 176 731 nus
198 666 296 754 ejus:
319 689 360 731 ne
399 665 532 731 lorietur
556 673 666 732 contrt
706 661 875 732 dixitodre
897 684 948 732 em
964 669 975 753 (
984 669 1100 734 David
1138 670 1257 736 :Salve
1336 701 1341 708 ·

115 775 167 819 me
189 753 307 831 Israel,
329 767 361 820 et
377 689 484 820 iicet:
502 753 580 821 Meis
596 756 668 821 viri·
706 753 773 820 Rex
797 793 840 803 —
871 691 1063 823 ll'enedictus
1101 672 1257 825 Dominus

114 843 176 910 bus
195 843 349 909 liberatus
369 864 451 910 sum.
471 842 559 909 [tid.
581 869 611 931 7.
633 867 662 910 ο.
705 844 791 909 Deus
807 856 900 921 tuus,
916 846 971 932 qui
983 845 1139 928 conclusit
1152 846 1257 913 homi-

116 933 156 996 Εἰ
172 933 216 999 ait
231 931 387 1003 Dominus
399 932 441 999 ad
459 931 612 1000 Gedeon:
629 933 666 998 ln
705 957 781 1009 nes,
795 934 850 1020 qui
862 933 1047 999 levaverunt
1058 958 1173 1001 manus
1183 959 1257 1002 suos

116 1022 267 1088 trecentis
282 1023 376 1100 viris,
394 1021 447 1112 qui
459 1021 666 1087 lambuerunt
705 1034 818 1087 contra
834 1021 1001 1088 dominum
1013 1046 1122 1089 meum
1134 1048 1251 1114 regem.

115 1132 230 1197 aquas,
246 1109 390 1177 liberabo
402 1134 475 1186 vos,
493 1123 525 1175 et
540 1110 665 1176 tradam
706 1109 796 1174 Ibid.
818 1111 866 1175 18.
884 1114 935 1177 28.

115 1198 148 1262 in
164 1206 324 1264 monututt
338 1196 483 1265 Madian:
499 1201 601 1266 omnis
612 1223 666 1264 au·
739 1198 787 1263 'ln
805 1209 837 1263 te
863 1201 950 1265 enim
975 1201 1164 1290 (Domino)
1186 1225 1257 1268 cur·

112 1297 178 1352 tem
200 1287 322 1376 reliqua
338 1286 511 1353 multitudo
528 1301 665 1353 reverta·
706 1309 774 1351 ram
802 1288 965 1354 accinctus
994 1313 1003 1354 ε
1028 1289 1061 1355 in
1088 1290 1158 1354 Deo
1185 1314 1258 1356 meo

112 1387 165 1441 tur
180 1377 214 1441 in
230 1375 339 1444 locum
352 1399 456 1441 suum.
474 1399 508 1440 u.
529 1400 558 1461 7.
580 1375 666 1441 Vide
706 1373 882 1441 transiliam
911 1400 1051 1442 murum.
1082 1374 1172 1443 ltin.
1204 1402 1255 1444 ιο.

114 1489 141 1528 c.
174 1487 223 1532 12.
245 1465 275 1530 3.
295 1479 325 1530 et
347 1489 373 1530 c.
402 1485 453 1528 ιο.
477 1488 511 1529 v.
532 1466 584 1529 18.
608 1465 660 1529 55.
707 1464 759 1530 2⁷10.
781 1463 907 1530 Video.
924 1467 976 1531 55.
994 1465 1112 1544 3818.
1128 1464 1263 1554 inimo

114 1553 170 1632 46.
706 1568 811 1618 totum
819 1551 1083 1642 pulcherrimum
1098 1551 1157 1619 ltoc
1170 1556 1261 1621 θοο-

158 1640 245 1706 Dixit
258 1653 366 1706 eutem
378 1640 532 1707 Jonathes
542 1638 664 1706 adedo
707 1643 820 1706 ticum.
835 1640 923 1707 Item
938 1667 966 1708 e.
988 1644 1038 1707 οἵ).
1060 1666 1108 1707 ιο.
1134 1667 1182 1708 12.

113 1727 288 1796 lescentem
320 1729 512 1820 armigerum
546 1753 661 1795 suum:
751 1731 792 1793 Et
808 1735 883 1795 ecce
896 1730 958 1796 Pro
982 1730 1056 1797 heta
1068 1755 1151 1797 unus
1167 1755 1257 1800 occe-

113 1815 216 1896 Veni,
230 1830 426 1885 transeamus
443 1819 483 1882 ad
495 1820 664 1884 stationem
706 1816 786 1883 dens
807 1819 849 1883 ad
870 1755 981 1885 lohel
1008 1843 1116 1909 regem
1139 1821 1257 1899 lsrael,

108 1906 665 1983 incircumcisorumhorumsiforte
706 1907 750 1971 eit
771 1907 800 1972 ei
824 1931 833 1973 :
861 1908 938 1974 llaec
966 1908 1043 1976 dicit
1073 1910 1254 1978 Dominus:

110 1994 210 2061 lnciot
223 1995 378 2062 Dominus
390 2019 448 2086 pro
465 1995 574 2071 nobis;
590 1998 663 2085 quie
708 1993 803 2062 Certe
817 1995 923 2064 vidisti
938 2021 1069 2063 omnem
1079 1997 1260 2064 multitudi-

113 2107 180 2149 non
207 2097 255 2150 est
281 2086 419 2152 Domino
447 2083 574 2152 difficile
601 2084 664 2151 sal·
705 2108 780 2150 nem
800 2084 884 2152 hanc
907 2086 1062 2152 nimiam?
1081 2093 1175 2162 ecce,
1199 2112 1260 2178 ego

113 2185 189 2238 vare
204 2225 213 2252 ,
231 2171 280 2239 vel
293 2175 325 2240 in
337 2173 465 2252 multis,
478 2171 528 2240 vel
544 2175 576 2240 in
587 2199 664 2264 pau·
705 2174 831 2240 uadem
842 2193 914 2239 eom
926 2176 1064 2241 inmonu
1074 2182 1128 2240 tut
1141 2176 1237 2242 hodie
1246 2204 1255 2251 ;

112 2261 169 2326 cis.
200 2288 227 2328 1.
246 2261 325 2356 lleg.
353 2267 401 2345 ι4.
425 2265 456 2328 6.
477 2259 563 2329 Vide
577 2288 605 2329 ο.
630 2290 660 2353 7.
706 2276 742 2328 ut
761 2263 863 2341 selus,
883 2264 958 2351 quio
980 2287 1040 2355 ego
1061 2287 1131 2330 sum
1150 2265 1258 2331 Domi-

116 2373 166 2417 ιο.
190 2369 304 2441 etseq.
329 2371 359 2421 ot
382 2378 409 2419 o.
427 2355 485 2419 '11.
512 2378 562 2418 11.
583 2370 611 2420 et
632 2377 661 2418 o.
705 2376 775 2418 nus.
796 2354 827 2417 5.
851 2353 929 2441 Beg.
957 2376 1008 2418 oo.
1041 2354 1089 2418 15.
1114 2354 1200 2419 Vide
1223 2358 1254 2435 4.

117 2441 168 2505 15.
189 2468 219 2529 7.
594 2442 599 2454 ’
638 2504 641 2512 ,
706 2443 783 2530 llcg.
813 2441 845 2503 2⁷1.
873 2444 923 2504 18.
945 2455 1052 2527 etseq.
1076 2458 1147 2507 etc.
1168 2444 1198 2508 5.
1229 2468 1255 2507 1.

154 2528 241 2595 Dixit
253 2544 360 2597 eutem
375 2527 478 2600 David
494 2530 535 2593 ad
550 2528 663 2595 Philis·
706 2528 792 2594 Item
810 2551 837 2591 1.
855 2527 968 2594 Paral.
987 2551 1039 2593 nn.
1059 2532 1107 2595 18.

110 2615 232 2683 thaeum
251 2643 259 2683 ι
280 2616 330 2683 Tu
349 2620 436 2684 vonis
453 2615 500 2705 'od
518 2642 570 2681 me
590 2640 665 2687 cum
698 2620 703 2631 “
752 2615 943 2681 Consortnre
971 2617 1045 2701 (ait
1057 2616 1142 2683 Joat
1159 2621 1261 2706 fratri

113 2704 239 2794 gladio,
273 2717 305 2771 ot
327 2699 438 2783 hestt,
467 2718 499 2771 et
526 2704 662 2809 clypeo:
705 2727 765 2770 suo
775 2704 1261 2794 Abiset)‚etagomusviriliter

111 2817 172 2883 ego
196 2807 305 2865 nutem
328 2794 421 2861 venio
443 2792 535 2871 udte
554 2817 588 2859 ιιι
604 2816 666 2871 no·
707 2817 766 2881 pro
781 2791 901 2881 populo
918 2805 1047 2871 nostro,
1064 2806 1126 2861 etc.
1146 2796 1257 2863 Domi-

112 2883 199 2968 mine
221 2882 353 2955 Domini
372 2884 588 2959 exercituum,
606 2883 664 2948 Dei
707 2906 767 2947 nus
785 2893 913 2959 eutem,
929 2883 1016 2973 quod
1034 2884 1067 2947 in
1084 2898 1258 2975 conspectu

112 2972 276 3059 agminum
288 2972 408 3049 lsrael,
420 2972 535 3060 quibus
547 2996 664 3061 oxpro·
705 2995 767 3042 suo
780 2972 903 3038 bonum
925 2983 988 3049 est,
1010 2972 1123 3051 saciet,
1141 2987 1203 3041 etc.
1228 3000 1254 3041 1.

109 3057 209 3128 bresti
222 3060 338 3129 hodic:
358 3074 391 3129 et
406 3060 660 3127 dehitteDomi-
706 3060 823 3128 Paral.
851 3084 899 3148 19.
924 3062 973 3126 13.
995 3060 1027 3124 V
1028 3060 1082 3127 ide
1096 3088 1181 3129 vers.
1209 3069 1258 3145 ι4.

111 3170 170 3215 nus
193 3152 228 3218 in
255 3171 351 3218 manu
379 3154 468 3228 met,
496 3164 664 3239 otpercu-
711 3152 760 3214 18.
787 3148 874 3216 Item
904 3172 933 3213 2.
963 3151 1041 3241 Beg.
1076 3176 1125 3217 ιο.
1155 3177 1203 3217 12.
1230 3171 1263 3218 et

110 3238 188 3306 tiam
200 3252 234 3307 te
245 3253 300 3316 ,ct
312 3241 454 3312 auserem
464 3252 663 3329 ceputtuum
705 3256 740 3304 ιο·
761 3254 881 3306 centes.

110 3330 127 3389 o
154 3340 208 3408 te,
234 3340 297 3397 cto.
322 3326 412 3393 lbt'd.
448 3352 498 3414 17.
524 3330 579 3407 45.
600 3330 660 3407 46.
740 3331 746 3350 “
780 3339 792 3395 t
819 3326 978 3391 invocavit
1008 3329 1126 3416 (Asa)
1146 3329 1259 3394 Domi-

112 3412 196 3485 Vide
213 3417 519 3506 reliquomoopitis.
533 3416 621 3483 Item
633 3440 660 3497 c.
707 3438 786 3482 num
813 3415 938 3490 Deum,
955 3427 987 3479 ct
1007 3416 1051 3480 nit
1071 3440 1079 3480 ε
1097 3410 1257 3493 Domine,

114 3502 167 3572 50.
190 3508 247 3574 οὔ.
706 3526 772 3568 non
788 3515 836 3567 est
852 3501 938 3591 apud
953 3514 985 3567 te
1001 3502 1065 3569 nlla
1088 3504 1256 3582 distantia,

153 3594 252 3699 yenit
260 3600 335 3685 ergo
346 3593 448 3659 David
457 3594 490 3659 in
500 3591 575 3658 Bnol
584 3592 664 3658 Phe·
706 3593 816 3657 u'lrirm
841 3592 874 3656 in
895 3594 1006 3681 paucis
1023 3592 1201 3670 auxilieris,
1219 3619 1259 3659 on

110 3700 223 3775 metm:
239 3696 271 3750 et
283 3684 438 3771 percussit
451 3706 507 3747 eos
523 3679 664 3768 (Ptt‘tts-
706 3682 739 3746 in
758 3680 933 3792 floribus:
954 3682 1069 3769 adjuvo
1091 3706 1169 3761 nos,
1197 3685 1262 3749 Do-

111 3766 232 3861 lltoeos)
266 3773 330 3849 ibi,
363 3783 394 3837 ot
417 3770 494 3837 dixit
518 3794 527 3835 :
551 3768 663 3839 Divisit
704 3770 794 3836 mine
810 3771 896 3835 Deus
915 3771 1258 3847 noster:i11teenim,

110 3853 266 3931 Dominus
281 3862 426 3929 inimicos
443 3884 531 3929 meos
553 3884 662 3927 coram
705 3868 737 3925 et
753 3860 787 3924 in
799 3870 855 3923 tuo
868 3860 999 3923 nomine
1012 3857 1167 3925 habentes
1179 3859 1259 3922 fidu·

108 3952 283 4025 -mo,stcut
304 3950 489 4017 dividuntur
508 3974 606 4039 oquae.
629 3974 658 4015 ο.
697 3945 813 4024 ciam,
852 3947 996 4013 venimus
1030 3955 1140 4013 contro
1172 3945 1255 4012 hanc

111 4029 188 4125 Rtg.
222 4043 252 4105 5.
282 4064 330 4107 20.
360 4038 445 4105 Vide
471 4063 581 4107 versos
607 4040 678 4125 ol.¹
705 4034 1184 4115 multittrdinem.·1.Poral.14.
1202 4058 1251 4102 ιι.

1114 4168 1129 4226 l
