2967 4675
382 270 446 338 srr
641 236 649 247 “
952 270 1016 339 srr
1197 274 1259 373 ⁴⁵⁷.

173 382 682 471 VariisdanturoariaSpiritus
719 382 1265 473 damtess'undamSpiritummeuna

137 471 476 561 sansanctissimae,
491 470 566 537 Haec
576 484 682 538 autem
720 495 931 563 supersemen
941 485 1050 549 tuum,
1065 472 1265 549 athenedic-.

138 561 526 648 omniaoperaturunusat
551 560 680 626 ueidem
720 562 839 631 tionem
868 584 972 631 99999999
1003 584 1099 651 super
1129 562 1267 651 stirpem

136 648 290 737 Spiritus,
301 646 441 713 dividens
449 583 680 737 singsiispront
718 662 818 717 tuam.
837 648 970 730 19944.
983 651 1014 716 5.

137 736 215 803 vult.
229 736 319 803 Jttd.
339 760 387 802 99.
408 736 675 815 9919519995.
764 740 803 803 Et
825 738 908 804 dabo
930 740 975 808 eis
997 758 1056 805 cor
1077 760 1204 814 unum,
1228 749 1264 801 et

181 825 292 892 Gratia
314 825 445 890 Domini
472 825 571 890 nostri
602 826 679 891 Jesu
719 826 1000 915 Spiritnmnovum
1009 828 1145 894 tribuam
1155 828 1187 892 in
1196 826 1260 891 vis-

135 914 277 990 Christi,
306 926 337 978 et
361 912 498 981 charitas
525 913 611 990 Dei,
647 927 680 980 et
718 916 1186 983 ceribuseorum:etauieram
1204 937 1271 980 cor·

133 1002 384 1079 communicatio
408 1003 517 1069 Sancti
542 1001 677 1091 Spiritus
718 1002 878 1093 lapideum
901 1005 1053 1073 decarne
1076 1027 1206 1081 eorum,
1228 1015 1260 1085 ct

131 1092 173 1157 sit
185 1114 263 1157 cunr
273 1092 421 1165 omnihus
432 1092 532 1161 robis.
553 1114 582 1158 9.
594 1092 673 1162 cor.
717 1093 1079 1169 dabociscorcarnaum.
1085 1092 1199 1157 emt.
1210 1116 1220 1157 1
1232 1116 1269 1169 9.,

135 1180 188 1245 95.
215 1180 263 1245 95.
722 1180 920 1270 9919999999
942 1180 1258 1267 995999569597.

170 1267 317 1336 Etnolite
325 1270 513 1335 contristare
521 1267 676 1357 Spiritum
763 1272 802 1347 Fu
819 1293 883 1334 non
899 1207 1093 1345 aiacondam
1108 1265 1190 1333 ultrts
1212 1267 1259 1332 t'a-

132 1356 292 1431 Sanotum
311 1358 370 1422 Dei
395 1380 404 1421 z
429 1357 462 1421 in
484 1379 548 1443 quo
564 1357 676 1445 signati
717 1358 800 1424 ciem
831 1380 936 1431 meam
963 1357 1003 1422 ab
1026 1358 1091 1433 eis,
1113 1361 1152 1420 eo
1174 1354 1260 1442 quod

131 1444 673 1533 astisindiemredemptionis.Eph.
718 1444 886 1511 effuderim
894 1444 1261 1597 Spiritummeunrsuper

130 1536 164 1614 4.
194 1535 250 1607 5ο.
718 1556 847 1603 omnem
863 1530 1123 1610 domumtsrael,
1140 1532 1183 1599 ait
1227 1556 1260 1603 ο-,

171 1620 678 1710 Bonumdepos'itumoustodiper
717 1623 823 1688 minus
839 1623 935 1688 Deus.
953 1622 974 1688 1
977 1620 1042 1686 bid.
1064 1622 1116 1710 59.
1137 1646 1188 1710 99.

130 1706 291 1800 Spiritum
310 1710 464 1777 Sanctum
485 1710 541 1797 qui
556 1708 677 1777 habitat
763 1710 933 1775 Effundam
960 1710 1114 1799 Spiritum
1148 1732 1264 1775 meum

129 1801 166 1873 in
184 1799 287 1865 nobis.
309 1821 339 1863 9.
360 1798 449 1863 Tim.
468 1820 495 1863 ι.
515 1800 564 1877 sl..
718 1822 814 1887 super
829 1821 957 1865 omnem
973 1821 1102 1866 carnem
1117 1821 1125 1863 :
1139 1810 1170 1863 et
1180 1821 1258 1886 pro-

178 1887 266 1953 Dcus
283 1886 458 1953 secundum
476 1909 566 1952 suam
585 1886 677 1951 mise-
717 1887 895 1976 phetabunt
918 1886 972 1953 fitti
996 1888 1111 1963 vestri,
1133 1898 1165 1953 et
1184 1885 1256 1953 fittae

130 1974 421 2041 ricordiamsalvos
436 1997 493 2041 nos
508 1975 602 2051 iecit,
618 1997 677 2062 per
716 1989 850 2053 vestrae,
884 1998 973 2041 senes
1007 1976 1101 2043 rastri
1134 1974 1255 2041 somnia

134 2062 306 2128 lavacrum
320 2064 567 2151 regenerationis
578 2074 610 2151 et
624 2086 677 2128 re·
715 2065 944 2141 somniabunt,
965 2065 1144 2152 et'juvenes
1162 2063 1255 2129 vestri

129 2152 311 2219 novationis
319 2151 674 2240 SpiritusSancti,quem
715 2155 849 2223 visiones
865 2152 1029 2220 videbunt.
1047 2154 1130 2221 loct.
1153 2176 1182 2217 9.
1201 2152 1252 2216 98.

128 2235 244 2305 effudit
253 2239 284 2311 in
297 2264 355 2305 nos
367 2239 674 2329 abuntspertesum
716 2242 802 2309 Vide
825 2268 859 2309 9.
887 2266 927 2331 99
944 2240 1054 2307 ,199999
1076 2241 1140 2307 Ae.
1158 2264 1187 2306 9.
1203 2260 1253 2325 97.

128 2326 670 2396 ChristumSalvatoremnostrum:
719 2334 769 2398 98.

48 2484 49 2487 ,
127 2417 344 2572 ppp'ustifieati
359 2417 458 2508 gratit
475 2419 595 2570 ipsius,
612 2416 674 2482 1999-
758 2422 825 2509 Ego
836 2419 967 2508 quidem
985 2417 1138 2504 (dicebat
1150 2416 1256 2481 loon-
1365 2479 1367 2482 .

187 2531 221 2572 es
248 2508 345 2572 simus
376 2529 473 2573 secun
498 2512 554 2570 tun
583 2529 672 2594 spem
713 2513 790 2596 aas)
808 2508 1000 2596 baptizovos
1010 2505 1043 2570 in
1058 2512 1137 2592 aqut
1148 2505 1179 2568 in
1191 2525 1256 2590 poe·

48 2594 49 2597 ’
127 2597 200 2662 vitae
208 2608 344 2661 aeternae.
361 2595 426 2662 Tit.
444 2595 474 2659 5.
491 2596 521 2660 5.
539 2610 570 2659 ct
583 2617 646 2682 999.
713 2597 904 2661 nitentium:
922 2594 976 2681 qui
993 2605 1100 2658 sutem
1116 2603 1187 2679 post
1203 2613 1263 2660 nu

173 2685 215 2748 Et
228 2684 364 2773 Spiritus
372 2695 438 2758 est,
459 2682 513 2769 qui
526 2681 674 2752 testifica·
713 2694 865 2749 venturus
886 2693 957 2757 est,
980 2680 1091 2749 sortior
1109 2701 1160 2744 ma
1182 2691 1253 2754 ost,

123 2787 206 2849 tur,
228 2773 380 2861 quonitm
397 2771 543 2836 Christus
553 2781 603 2836 est
618 2793 673 2836 ve·
714 2772 806 2860 cujus
826 2793 894 2836 non
910 2791 980 2834 sum
1000 2768 1113 2856 dignus
1136 2767 1255 2837 caloes·

126 2865 216 2928 ritas.
238 2862 399 2943 Quoniam
418 2873 483 2925 tres
500 2871 598 2936 sunt,
619 2860 672 2946 qui
713 2872 820 2926 menta
837 2869 984 2946 portares
1015 2857 1082 2946 ipse
1103 2880 1158 2924 ros
1178 2857 1254 2944 bap-

128 2950 346 3017 testimonium
358 2949 434 3014 dant
447 2949 480 3013 in
495 2947 577 3014 coeio
593 2971 601 3012 τ
618 2971 673 3036 pa·
713 2946 865 3014 tizabitiu
878 2947 999 3036 Spiritu
1009 2957 1119 3014 sancto
1131 2957 1163 3012 et
1175 2947 1184 3013 i
1207 2947 1249 3012 ni.

129 3051 178 3104 ter
189 3089 198 3115 ,
211 3037 375 3114 Verbum,
388 3049 420 3103 et
428 3037 565 3126 Spiritus
574 3035 672 3104 Sanc·
712 3035 833 3106 Most.
846 3037 877 3102 5.
894 3059 904 3102 1
916 3059 944 3102 1.
960 3036 1045 3102 tsine
1058 3033 1162 3103 Maro.
1179 2969 1209 3101 5
1221 3037 1251 3101 8.

129 3139 180 3194 tus
203 3152 211 3192 ι
232 3139 264 3191 ot
282 3126 314 3192 hi
333 3138 396 3192 tres
412 3150 511 3218 unum
529 3138 614 3191 sunt.
640 3147 666 3199 9,.
712 3125 791 3194 Lae.
812 3125 841 3196 5.
868 3125 917 3196 ri.
935 3123 1034 3192 19999.
1059 3147 1088 3190 ι.
1111 3125 1164 3190 55.
1187 3125 1259 3198 Λα.

128 3217 227 3281 loon.
249 3217 279 3281 5.
299 3215 330 3279 6.
351 3239 381 3302 7.
718 3237 746 3279 9.
766 3215 795 3277 5.
811 3215 843 3278 8.
861 3227 892 3278 ct
911 3213 960 3278 96.
981 3212 1104 3280 tomo.
1130 3237 1178 3277 ιι.
1203 3215 1258 3285 rii„

174 3305 240 3385 Qui
274 3303 371 3368 habet
405 3315 535 3377 auteur,
564 3299 672 3364 audiat
712 3319 782 3371 ete.
806 3324 858 3389 99.
877 3325 905 3366 9.

132 3393 208 3481 qnid
236 3392 373 3480 Spiritus
399 3390 484 3457 dicat
510 3387 666 3455 Ecclesiis.
757 3389 826 3456 Hoc
838 3402 944 3456 autem
957 3388 1061 3476 dixit(
1077 3389 1198 3474 lasus)
1214 3386 1253 3450 da

48 3540 49 3560 ,
133 3484 233 3571 Apoo.
247 3505 276 3546 9.
295 3505 326 3567 7.
344 3477 536 3561 Quseocrbo
548 3477 672 3566 pluries
713 3478 853 3570 Spiritu,
874 3499 968 3584 9999999
987 3475 1147 3566 accepturi
1163 3486 1253 3540 erant
1366 3473 1371 3484 '

133 3586 319 3659 repetuntur
333 3573 403 3634 tom
420 3569 456 3630 in
470 3565 529 3631 too
543 3567 667 3654 capite,
711 3567 1009 3636 credentesrneu'm:
1019 3565 1159 3635 nondum
1168 3565 1252 3629 eninr

130 3666 228 3742 quum
243 3661 281 3723 t'n
291 3657 447 3743 ttqttmtt'·
711 3655 785 3723 erat
796 3655 933 3746 Spiritus
946 3655 1057 3729 datus,
1075 3654 1148 3742 quia
1160 3654 1251 3719 Jesus

711 3745 853 3898 999995ἀί9999
862 3759 928 3851 crat
941 3740 1248 3832 glorificatus-loon.

712 3861 742 3901 ·.
785 3860 818 3898 9.

174 3921 343 3988 Effundam
360 3922 445 3988 anim
463 3946 559 4010 aquas
575 3945 669 4009 super
714 3880 740 4006 Ι,
757 3862 806 3989 Et'³
819 3945 877 4010 ego
903 3919 1021 4006 rogabo
1045 3917 1169 3982 Patrem
1186 3960 1193 3984 .
1223 3923 1255 3974 et

133 3790 278 3879 Spiritus
293 3792 437 3857 Sanctus
449 3790 666 3878 promittitur.

87 4060 90 4066 -
133 4011 307 4089 sitientem,
325 4023 358 4076 et
372 4005 491 4078 fluenta
504 4012 681 4099 superari-'
711 4009 809 4075 stium
827 4004 1026 4090 l‘srsctptum
1043 4003 1131 4073 dabit
1146 3998 1256 4078 vobis,
