2967 4675
229 333 295 411 lto
472 330 541 395 SlG
1051 326 1118 395 SlG

229 454 295 507 tem
310 441 426 544 pannis
438 438 632 517 involutum,
646 440 776 527 etpoti-
818 451 921 505 tuum.
941 438 1098 515 Retraxit,
1112 451 1145 505 et
1160 438 1291 528 protulit
1299 436 1363 503 ita·

229 543 297 595 tum
309 551 341 593 ιιι
356 528 520 616 presepio.
539 527 617 593 Lac.
634 550 663 594 ι.
688 550 737 593 aa.
817 533 907 605 rum,
923 540 956 595 et
976 541 1044 595 erat
1058 525 1171 593 similia
1190 528 1280 594 carni
1291 523 1365 591 reli-

816 640 897 705 quae.
918 642 952 683 a.
976 618 1008 683 6.
1036 642 1065 704 7.
1090 615 1222 706 Virgam
1239 636 1370 704 quoque

816 705 901 773 hano
915 729 1005 772 sume
1017 706 1050 771 in
1061 728 1159 786 manu
1175 712 1250 780 tul,
1262 704 1367 791 inqut

504 841 508 845 «
816 795 957 861 fauturus
978 818 1012 860 es
1035 794 1060 859 ai
1082 818 1132 859 ua.
1152 818 1185 859 o.
1211 817 1262 881 ¹7·
1282 792 1314 855 V
1316 792 1373 856 ida

269 881 370 947 Diaeit
390 882 556 947 Dmninua
575 881 622 948 ad
640 882 776 973 Moysen
817 899 1035 974 totumooput.
1053 818 1177 949 lame.
1194 907 1226 969 7.
1246 880 1277 946 5.
1293 904 1322 945 a.
1336 882 1369 945 8.

226 986 258 1035 at
278 969 420 1036 Aaron:
434 968 615 1059 Loquimiui
639 972 681 1036 ad
706 973 775 1037 uni·
819 973 870 1037 ιδ.
890 996 917 1037 r.
942 996 990 1038 ro.
1011 996 1037 1036 ι.
1059 996 1088 1038 a.

227 1081 353 1125 versum
366 1072 485 1124 coetum
500 1058 640 1125 liliorum
657 1058 773 1136 lsrael,
860 1060 936 1126 Haeo
952 1062 1048 1150 igitur
1057 1058 1320 1127 dioitDominus:
1333 1056 1371 1121 ln

227 1159 260 1211 et
281 1146 376 1212 dicite
392 1148 460 1213 eia:
479 1149 611 1215 Decima
623 1148 675 1214 die
687 1173 776 1218 men·
816 1148 881 1215 hoo
903 1150 983 1215 seins
1005 1148 1093 1238 quod
1109 1150 1169 1213 sim
1184 1147 1368 1219 Dominus:

227 1237 269 1301 aia
284 1234 381 1323 hujus
393 1235 482 1301 tollat
495 1238 774 1327 unusquisqueag-
817 1244 893 1305 ecoe
914 1240 1093 1327 percutiam
1114 1234 1221 1325 virga,
1244 1235 1371 1325 quaein

227 1348 304 1391 num
312 1347 371 1412 per
382 1323 516 1391 familias
524 1340 557 1412 et
568 1326 680 1413 domos
688 1350 774 1404 suaa,
817 1350 914 1392 manu
931 1340 1075 1405 meaest,
1088 1349 1202 1415 aquam
1211 1324 1369 1399 fluminis,

225 1426 287 1480 ete.
301 1414 411 1482 Exod.
432 1437 480 1479 aa.
497 1416 528 1479 5.
816 1426 848 1479 et
864 1428 1006 1482 vertetur
1025 1418 1059 1481 in
1082 1414 1291 1503 sanguinem,
1304 1424 1366 1477 etc.

230 1548 235 1556 ·
271 1502 417 1593 Loquere
429 1498 502 1569 liliis
519 1502 775 1590 lsrael(aitDo-
816 1504 905 1570 lttd.
944 1530 1025 1592 ·¹7·
1141 1567 1147 1581 ,

226 1586 558 1682 minaa‘odMoysm)
571 1643 580 1668 ,
592 1605 625 1657 et
637 1591 723 1659 dices
734 1592 776 1659 ad
861 1530 975 1659 Audiri
997 1590 1267 1659 murmurationes
1291 1587 1371 1655 lilio

228 1702 302 1756 eos,
320 1691 355 1745 ut
366 1681 485 1747 sociant
496 1682 556 1747 sihi
565 1681 706 1746 fimbrias
717 1704 776 1770 per
817 1705 889 1747 rum
912 1680 1008 1748 lsrael
1029 1733 1037 1757 ,
1060 1680 1190 1769 loquere
1218 1678 1260 1742 nd
1288 1701 1368 1743 eoa:
1440 1716 1441 1749 1

247 668 356 761 Sigata
367 667 405 730 ιίι
414 668 610 772 moratoriam
620 683 754 755 priam

132 1832 136 1835 .
228 1766 361 1856 angulos
375 1767 563 1856 palliorum,
576 1783 731 1857 ponentes
742 1770 775 1836 in
816 1770 956 1858 Vespere
980 1768 1153 1836 comedetis
1176 1790 1312 1841 earnes,
1337 1778 1371 1831 et
1440 1794 1441 1833 ι

227 1857 273 1920 eis
306 1856 398 1921 vittas
428 1856 676 1945 hyacinthinas,
709 1872 771 1925 etc.
817 1865 912 1927 mano
951 1856 1171 1925 saturabimini
1206 1856 1365 1945 panibus:
1440 1892 1441 1897 κ

227 1943 328 2010 llam.
349 1945 750 2012 resumerent.
817 1947 1244 2037 scietisquequodegosum
1260 1943 1367 2011 Domi·
1440 1994 1441 2003 .

271 2030 420 2119 Dixitque
437 2034 597 2104 Dominus
621 2033 664 2099 ad
689 2035 777 2125 Moy·
817 2059 876 2102 nus
892 2036 1102 2103 Deusroster.
1129 2033 1218 2099 ltin
1243 2034 1295 2098 16.
1318 2054 1366 2097 xa.

227 2141 283 2185 aen
298 2144 306 2185 ε
321 2120 417 2187 Refer
428 2123 550 2210 virgam
564 2122 670 2189 Aaron
686 2124 719 2189 in
731 2135 776 2188 ta·
862 2124 899 2191 ln
929 2124 1019 2201 hoc,
1048 2124 1081 2189 in
1104 2124 1149 2188 uit
1179 2120 1319 2207 (Joaae'
1336 2125 1367 2209 ).

112 2287 116 2297 ¹
227 2207 439 2275 hernaculum
455 2212 648 2287 testimonii,
666 2225 776 2276 utaar·
817 2214 941 2291 scietis,
972 2213 1057 2302 quod
1119 2233 1245 2277 omanus
1281 2210 1368 2277 Deus
1440 2254 1441 2269 .

226 2298 382 2365 returibi
406 2299 585 2398 insignum
607 2298 775 2368 rebellium
817 2302 925 2390 rirens
947 2302 980 2368 in
1007 2300 1113 2368 medio
1134 2310 1232 2366 vestrl
1247 2310 1311 2376 est,
1337 2311 1371 2366 et

226 2385 366 2454 filiorum
396 2388 518 2466 lsra'dl,
544 2402 577 2455 et
610 2391 776 2479 quiescant
817 2391 978 2480 disperdet
1001 2392 1034 2457 in
1065 2401 1240 2479 conspectu
1264 2400 1370 2456 vestro

226 2475 363 2564 querelae
382 2501 493 2544 eorum
514 2486 621 2556 ime,
644 2504 685 2546 ne
703 2503 775 2546 mo-
818 2481 1053 2556 Chananoeum,
1069 2487 1101 2546 et
1113 2477 1370 2553 llethaeumAEe

225 2565 358 2631 riantur.
375 2566 467 2634 Iiid.
484 2593 533 2655 ¹7·
549 2591 598 2634 ιο.
615 2568 646 2630 V
648 2569 701 2633 ida
713 2568 775 2634 Jo-
816 2593 939 2647 raeum,
957 2581 988 2634 et
1004 2569 1229 2643 Pherezaeum,
1252 2567 1370 2656 Gerge-

224 2667 317 2722 ιιιιῑο.
332 2660 364 2737 d.
384 2659 415 2722 6.
817 2683 915 2726 aarum
936 2681 1083 2746 quoque,
1106 2669 1140 2722 et
1161 2656 1368 2730 «lemanum,

817 2760 849 2814 et
865 2747 1096 2814 Amorrhaeum.
1116 2747 1303 2811 nectarea
1320 2744 1373 2810 lte·

109 2883 116 2890 ,
225 2794 334 2884 Signa
344 2812 374 2861 ⁶²
385 2792 664 2882 mirmhfim’
675 2811 710 2900 “l
717 2818 777 2884 W
818 2836 900 2902 deria
916 2837 1047 2902 Domini
1061 2835 1164 2901 omnia
1176 2845 1272 2899 terrae
1283 2845 1369 2898 ante·

155 3118 160 3126 .
268 3073 448 3123 Mic-icant.

269 2906 308 2988 fa
335 2885 602 2988 ‘i'lmlpmu‘l’
628 2900 773 2989 mim*
818 2925 912 2992 cedet
935 2947 990 2990 ros
1009 2948 1067 3014 per
1088 2921 1285 2997 Jordanem,
1304 2934 1366 2987 etc.

261 2986 417 3056 *lumi'a'
438 2987 469 3035 ⁶²
487 2969 616 3037 imm
633 2971 698 3036 θα
720 2996 776 3035 ‘⁷²'
816 3013 920 3079 Joaud
932 3015 961 3079 5.
978 3037 1027 3078 ro.
1050 3036 1098 3078 ιι.
1115 3013 1215 3102 Igitur
1226 3033 1372 3098 egressus

818 3115 867 3168 est
904 3101 1042 3191 populus
1079 3101 1120 3167 da
1156 3097 1369 3164 tabernaculis

267 3186 395 3278 Moyseo
411 3187 517 3254 tribus
541 3190 648 3280 signia
665 3196 687 3254 ὰ
708 3191 777 3256 Deo
818 3192 903 3268 suis,
921 3205 956 3255 ut
968 3191 1117 3256 transiret
1130 3187 1300 3256 Jordanem
1314 3196 1369 3250 :et

223 3279 394 3367 acceptia,
428 3279 467 3341 in
491 3277 671 3368 AEgyptum
701 3303 777 3344 cum
819 3279 1079 3367 sacerdotea,qui
1108 3275 1365 3344 ortabantur-eam

225 3389 328 3432 uxore
347 3367 580 3455 proficiscitur.
600 3367 685 3432 Dixit
700 3373 776 3456 ergo
818 3368 966 3446 soederis,
989 3302 1165 3457 pergolant
1181 3376 1255 3430 ante
1279 3387 1364 3428 eum.

227 3454 356 3540 (Deua)
372 3454 517 3522 adeum:
530 3455 616 3536 Quid
628 3456 776 3546 estquod
817 3483 851 3523 v.
875 3459 923 3537 14.

224 3544 359 3611 tanesin
375 3546 561 3610 manutuiti'
576 3544 772 3634 Respondit:
864 3545 1008 3634 Cumque
1026 3544 1165 3610 audisset
1181 3565 1238 3608 rex
1254 3541 1368 3628 (dero-

223 3629 330 3718 Virga.
345 3628 468 3698 'Euam
499 3636 531 3712 4.
564 3655 593 3697 a.
626 3633 776 3722 Dixitque
820 3633 933 3722 boam)
948 3657 1130 3700 sermonem
1141 3631 1366 3708 hominisDei‚

224 3715 381 3786 Dominus
404 3727 531 3787 rursiam
556 3745 564 3786 ε
594 3721 683 3786 Mitte
705 3745 776 3787 ma·
818 3747 914 3812 quem
938 3721 1165 3789 inclamaverat
1188 3732 1303 3787 contra
1328 3717 1370 3785 al·

224 3812 657 3876 numtuaminsinumtnum.
670 3811 777 3892 Quam
819 3823 887 3878 tare
917 3812 949 3878 in
971 3809 1104 3886 Bethel,
1136 3809 1282 3875 extendit
1304 3833 1370 3876 ma-

224 3904 299 3966 cirm
315 3900 451 3967 misisset
462 3900 606 3968 insinum
623 3899 778 3988 ‚protulit
818 3923 897 3967 num
916 3925 1019 3970 suam·
1038 3897 1077 3965 de
1101 3897 1212 3974 altari,
1242 3898 1367 3964 dicens:

224 3984 381 4078 leprosam
398 3989 498 4056 instar
513 3990 603 4056 nivis.
623 3987 775 4066 Retrahe,
819 3989 1059 4079 Apprehandito
1076 4011 1162 4053 aum.
1190 3987 1230 4050 Et
1252 3987 1368 4052 exaruit

224 4076 289 4154 air,
322 4103 455 4148 manum
489 4092 576 4147 tuam
607 4079 639 4145 in
671 4081 775 4146 sinum
819 4103 932 4148 manua
950 4079 1040 4167 ejus,
1064 4100 1159 4165 quam
1183 4075 1366 4140 extenderat
