2967 4675
243 378 306 443 228
497 372 574 438 PEC
1059 368 1138 438 PEC

241 510 350 552 earum
363 485 462 551 fecisti
473 481 647 589 pauxillum
660 482 783 547 minist:
848 484 980 551 Peeeeti
998 486 1151 551 mortalis
1164 500 1195 551 ct
1208 485 1351 551 amiclis

240 581 322 664 pene
338 572 539 639 sceleratiora
555 572 656 638 fecisti
674 570 734 637 illis
751 573 784 637 in
1002 575 1190 640 discrimen.

240 664 388 728 omnibus
406 662 463 727 viis
480 662 553 729 tuis.
575 660 628 727 16.
657 662 705 725 26.
725 665 778 748 47.
1266 666 1270 675 ’

238 752 270 815 V
271 752 323 817 ide
337 776 370 817 2.
390 753 442 817 52.
458 753 512 815 52.
870 757 1032 836 Quoniam
1057 758 1082 820 si
1106 756 1255 822 inimicus
1277 778 1375 820 meus

283 836 378 919 Quod
388 847 462 905 21222
474 838 600 906 vidisset
611 862 701 904 soror
712 838 781 926 ejus
823 844 1035 911 maledixisset
1045 846 1137 922 mihi,
1150 845 1372 910 sustinuissem

237 927 366 1005 Ooliba,
378 928 449 1017 plus
461 936 556 1018 qutun
567 926 620 993 illa
633 928 781 993 insanivit
823 934 1044 1020 utique-Tu
1059 940 1154 1010 veto,
1170 932 1269 999 homo
1285 957 1374 997 um-

234 1015 365 1083 libidine
377 1042 385 1083 :
397 1032 428 1083 et
439 1018 681 1084 fornicationem
689 1036 780 1081 suam
820 1024 929 1100 nimis,
939 1023 1153 1098 duxmeus,et
1161 1033 1368 1097 notusmeus,

235 1130 330 1194 super
339 1107 578 1175 fornicationem
587 1106 703 1173 sororis
715 1128 779 1171 suae
821 1124 881 1178 etc.
901 1113 989 1178 Psal.
1009 1115 1062 1191 54.
1085 1113 1134 1178 25.
1159 1114 1208 1191 24.

236 1196 373 1283 (feeit).
390 1208 452 1262 etc·
470 1194 524 1263 lt.
545 1196 596 1260 25·
620 1218 670 1260 ¹1·
864 1201 988 1291 septies
1003 1201 1089 1266 enim
1107 1201 1163 1284 (in
1179 1201 1253 1287 dis)
1273 1198 1372 1265 cadet

278 1285 470 1351 Amen‘dieo
485 1285 574 1350 vobis
590 1306 598 1347 :
616 1281 778 1348 Tolerabi·
819 1287 941 1375 justus,
958 1302 990 1355 et
1005 1302 1158 1378 resurget.
1176 1289 1230 1353 Er
1251 1289 1366 1352 edan-

232 1372 292 1439 lius
313 1374 374 1440 erit
397 1388 487 1440 terrae
511 1372 725 1439 Sodomorum
745 1383 777 1437 et
819 1392 874 1442 ter
891 1394 1043 1483 peceato,
1067 1402 1143 1443 enm
1165 1378 1224 1462 qui
1302 1392 1372 1441 stas

233 1462 513 1529 Gomorrhaeorum
529 1463 562 1529 in
578 1462 630 1527 die
646 1460 775 1549 judieii,
810 1468 957 1553 justitia.
978 1467 1080 1531 Pron.
1100 1468 1152 1545 24.
1176 1465 1225 1530 26.

231 1559 327 1638 quam
351 1552 396 1618 illi
419 1552 549 1619 civitati.
572 1549 693 1617 March.
723 1573 772 1617 22.
861 1555 975 1647 Affers
991 1554 1280 1641 Ctrtoostrtptae
1295 1577 1369 1640 pee-

234 1642 283 1707 15.
305 1641 392 1707 Vide
404 1642 541 1708 Similio
555 1638 656 1705 verba
671 1665 698 1705 2.
723 1664 772 1705 22.
817 1660 929 1709 ectum
950 1645 1155 1717 iracundiae,
1179 1656 1209 1707 ct
1231 1643 1367 1705 tertium

230 1754 263 1793 2.
291 1752 342 1794 22.
362 1746 392 1796 et
417 1730 565 1810 241222.
592 1753 640 1793 10.
665 1753 698 1795 v.
722 1752 771 1794 22.
817 1731 1363 1823 dontoxcttdignomgcbtnedpro
1444 1729 1445 1762 ss

229 1832 259 1881 ⁶⁸
280 1820 327 1895 ¹4·
816 1823 966 1886 nunciat.
981 1821 1102 1888 Mattlt.
1123 1822 1153 1886 5.
1175 1821 1226 1884 22.

275 1902 333 1969 1112
363 1918 470 1972 autem
489 1928 613 1981 servus,
637 1906 691 1991 qui
717 1928 775 1969 eo-
861 1911 1042 1998 Compar-at
1063 1910 1215 1975 Christus
1229 1922 1367 1995 peceato

229 1992 668 2081 gnevitvoluntatemdomini
681 1994 773 2057 sui—
815 2000 905 2064 trabi
919 2016 949 2063 et
963 2001 1102 2086 sesteeoe.
1119 1998 1208 2064 Ibid.
1226 2021 1256 2082 7.
1274 1996 1304 2060 5.

228 2092 261 2147 et
280 2105 344 2147 non
363 2082 440 2147 fecit
460 2087 637 2147 secundum
659 2080 774 2146 voluu—
860 2087 1084 2175 Comparamr
1131 2101 1277 2151 occatum
1306 2108 1367 2149 ca-

227 2181 324 2235 tatem
346 2170 441 2257 ejus,
464 2169 626 2258 vapulabit
649 2168 768 2236 multis.
813 2176 897 2241 22212
911 2190 941 2239 et
956 2176 1065 2241 celici.
1080 2113 1169 2241 llis.
1191 2175 1243 2239 25.
1261 2175 1313 2252 24.

229 2256 772 2348 02122122]22222322222112211
856 2261 1303 2329 Delactwriaauttsatot
1313 2262 1366 2325 di·

227 2347 319 2436 digna
337 2347 456 2437 plagis,
470 2347 632 2437 vapulabit
648 2350 768 2438 paneis.
813 2353 901 2417 citer
914 2377 926 2419 .·
944 2355 1043 2418 Erant
1054 2365 1162 2418 sutem
1173 2353 1250 2441 justi
1262 2351 1363 2416 ambo

225 2439 303 2505 Luc.
327 2461 376 2503 22.
396 2441 449 2526 47.
469 2441 523 2518 48.
813 2442 1021 2518 2215112222,
1039 2442 1224 2508 incedentes
1239 2441 1272 2504 in
1288 2463 1364 2504 om-

269 2526 444 2616 Respondit
466 2528 558 2594 lesus
584 2528 595 2591 1
607 2527 768 2615 Pitoot:
812 2531 906 2596 nibus
927 2530 1085 2596 mandatis
1105 2544 1137 2597 et
1155 2529 1363 2618 justificatio-

225 2615 296 2684 Nou
311 2616 447 2683 haberes
457 2629 646 2706 potestatem
661 2615 770 2682 adver·
810 2619 906 2685 nibus
914 2621 1044 2686 Domini
1051 2621 1118 2686 sine
1126 2617 1266 2709 querela.
1277 2617 1358 2684 Luc.

222 2711 294 2772 siun
309 2729 361 2772 me
377 2705 494 2785 ullam,
512 2707 572 2772 nlsi
588 2705 644 2770 tibi
659 2704 769 2771 datum
814 2731 842 2774 1.
861 2710 893 2775 6.
917 2710 988 2775 1122
1001 2724 1111 2774 aetem
1127 2731 1196 2772 non
1215 2707 1363 2772 2222522

223 2809 304 2861 esset
325 2796 471 2884 desuper.
497 2795 689 2884 Propterea,
713 2797 767 2884 qui
806 2797 948 2886 pcccatis
972 2795 1178 2872 2222526622,
1203 2797 1294 2861 testis
1312 2812 1362 2860 est

222 2907 276 2949 me
291 2885 423 2950 tradidit
434 2885 511 2961 tibi,
528 2885 632 2971 majus
650 2907 768 2972 pecca·
808 2882 1357 2970 loannes,deseetsimitt'bnssibi,

222 2984 290 3038 tum
306 2971 413 3039 habet.
431 2974 532 3038 1222.
553 2997 602 3061 ¹9·
626 2997 674 3038 11.
809 2973 945 3040 dicens:
960 2975 992 3040 Si
1005 2975 1192 3049 dixerimus,
1204 2972 1358 3063 quoniam

808 3077 978 3150 peccatum
1001 3087 1067 3129 non
1087 3063 1269 3128 habemus:
1294 3062 1358 3149 ipsi

807 3175 866 3217 nos
891 3152 1098 3229 seducimus,
1123 3164 1156 3217 et
1182 3152 1297 3218 veritas
1318 3150 1355 3217 in

264 3245 331 3348 Ego
347 3256 452 3309 autem
471 3243 543 3309 dieo
562 3245 672 3310 robis:
690 3246 765 3332 quia
806 3241 899 3306 nobis
920 3265 985 3306 nou
1004 3253 1062 3308 est.
1093 3265 1120 3306 1.
1139 3240 1239 3306 loeo.
1262 3263 1288 3302 2.
1314 3241 1349 3300 8.

219 3355 342 3410 omnis,
354 3332 408 3420 qui
422 3332 569 3398 irascitur
584 3334 673 3400 fratri
686 3357 763 3409 suo,
805 3331 897 3420 Ergo'
908 3346 1041 3419 peceato
1055 3330 1206 3396 venialia
1216 3326 1353 3392 neusel-

217 3445 290 3486 reus
317 3422 377 3487 erit
403 3422 534 3510 judicie.
567 3423 633 3502 Qui
656 3436 764 3488 autem
804 3434 889 3483 vent
903 3419 1092 3484 amicitiem
1106 3441 1184 3483 cnm
1198 3418 1277 3482 Dw.

217 3509 331 3576 dixerit
352 3511 441 3575 l'ratri
462 3533 545 3586 suo,
569 3534 668 3576 raca:
692 3534 765 3576 reus
850 3507 887 3572 12
913 3506 1021 3574 multis
1048 3506 1135 3573 enirn
1161 3505 1354 3573 offendimus

216 3598 759 3689 2211-22122222215212.51222125.
804 3620 927 3663 omnes.
943 3598 1016 3662 Joe.
1034 3597 1067 3672 5,
1082 3618 1111 3660 2.
1129 3596 1161 3657 V
1161 3595 1256 3660 12125.
1273 3595 1350 3684 Reg.

215 3711 266 3754 22.
806 3689 836 3751 8.
856 3688 909 3765 46.
927 3709 956 3750 2.
973 3686 1053 3751 Por.
1066 3686 1098 3750 6.
1111 3685 1165 3749 56.
1180 3682 1283 3749 Preo.
1296 3705 1349 3748 22.

259 3777 339 3843 Dico
356 3777 462 3852 vohis,
476 3777 550 3865 quia
563 3776 715 3843 Sodomis
731 3777 763 3842 in
805 3799 836 3862 9.
855 3775 976 3841 1122122.
997 3799 1027 3862 7.
1054 3798 1106 3839 22.

212 3867 264 3932 die
277 3866 328 3932 itta
343 3867 504 3931 remissius
515 3865 593 3941 erit,
610 3873 706 3954 quam
718 3865 764 3931 illi
782 3893 787 3971 Ι
840 3863 1206 3943 Quiscitfratremsuum
1215 3882 1353 3950 peecare

211 3956 340 4022 civitati.
357 3956 435 4022 Luc.
456 3979 506 4020 ro.
523 3978 570 4020 22.
588 3955 619 4019 V
622 3957 675 4022 ide
686 3973 715 4020 et
726 3980 759 4021 o.
805 3952 1352 4041 peccatumnonadmortem,petat,

213 4047 262 4124 24.
281 4045 369 4112 Item
387 4043 510 4112 Mettis.
543 4067 591 4110 ro.
616 4047 664 4110 25.
688 4061 716 4110 ιι
732 4069 761 4114 e.
805 4054 838 4105 et
849 4040 978 4105 dabitur
992 4043 1021 4107 ei
1033 4041 1115 4116 sita,
1128 4037 1275 4128 peccanti
1285 4062 1351 4104 non

219 3105 403 3197 Neesspares
423 3125 629 3196 peccaterum
647 3127 761 3198 poenoe.

212 4153 260 4198 22.
282 4157 332 4201 22.
354 4137 404 4214 24.
782 4192 788 4250 ὅ
806 4130 846 4196 ad
872 4142 1019 4197 mortem.
1043 4131 1099 4196 Est
1116 4139 1285 4215 peecatum
1309 4126 1352 4199 24
