2967 4675
379 236 466 303 sont
708 197 714 207 ’
950 235 1037 301 sort
1152 218 1157 235 '
1214 244 1279 323 tus
1337 196 1340 205 ²

124 346 274 413 melech
286 370 345 435 per
360 348 519 413 somnium
531 361 646 425 noete,
663 364 695 415 et
779 344 861 407 Dixit
878 344 1006 433 (Deus)
1021 346 1062 411 nd
1078 372 1132 413 eos
1149 350 1277 434 (Aaro-

123 436 182 501 nit
221 432 267 501 illi
293 459 302 500 ε
326 436 374 501 En
396 436 542 503 morieris
565 451 695 527 propter
733 455 808 497 nem
824 447 854 496 et
869 431 1020 499 Mariam
1031 460 1176 501 sororem
1186 440 1281 531 Moy-

124 522 338 600 mulierem,
353 548 450 612 quam
463 523 560 590 tulisti
575 549 583 590 ε
597 525 695 593 habet
732 520 779 607 ti)
793 542 801 585 τ
816 520 933 587 Audite
944 546 1106 591 sermones
1120 550 1207 593 utens
1222 553 1230 594 τ
1244 528 1279 595 Si

124 615 237 681 enim
254 614 367 681 sirum.
388 613 467 682 Gen.
489 637 540 679 no.
561 615 592 681 ὅ.
736 607 803 676 ὐἷε
824 610 919 677 suerit
936 612 1019 679 iuter
1041 639 1096 681 ros
1120 614 1277 705 Propheta

180 702 345 791 Viditque
363 702 505 791 (Iacob)
525 704 694 771 insomnis
733 632 883 777 bomini,
909 703 941 767 in
971 704 1091 769 visione
1119 706 1279 795 apparebo

125 790 270 859 scnium
286 804 420 857 stentem
442 805 692 883 superterram,
732 784 782 864 ei,
802 788 849 855 vel
862 814 921 882 per
938 793 1097 859 somnium
1114 792 1226 883 loquer
1238 796 1279 863 nd

118 891 163 945 et
195 903 357 947 cacumen
371 880 455 947 iilius
475 894 609 973 tangens
623 908 695 950 coe-
732 874 842 956 illum,
860 894 921 945 eto·
942 880 974 947 N
978 906 1043 947 unt.
1064 904 1113 949 rs,
1133 886 1163 949 (i.

122 968 238 1035 lum:
261 968 397 1061 Angelos
419 972 546 1060 quoque
566 973 623 1039 Dei
640 998 692 1040 as·
779 966 924 1059 Cbmque
957 971 1091 1035 venisset
1120 972 1277 1052 Gedeon,

121 1057 318 1125 cendentes
334 1077 366 1125 et
382 1058 612 1128 descendentes
633 1087 691 1153 per
732 1058 883 1122 narrabat
899 1056 1011 1147 uliquis
1028 1061 1188 1125 somnium
1208 1087 1280 1151 pro-

124 1160 279 1223 eem,et
293 1149 465 1215 Dominum
474 1148 616 1217 innixum
625 1176 694 1218 see·
733 1146 817 1210 xiruo
839 1170 921 1212 suo:
940 1187 983 1195 —-
1005 1148 1077 1215 Vidi
1098 1150 1276 1227 somnium.

122 1234 199 1315 las,
226 1236 386 1305 dicentem
409 1238 494 1304 sibi:
525 1240 593 1327 Ego
620 1265 692 1306 sum
733 1234 1028 1303 etvidebnturmibi
1059 1238 1281 1305 unsisuboine-

123 1326 302 1395 Dominus
318 1328 403 1393 Deus
416 1326 579 1393 Abrabam
593 1330 693 1417 patris
723 1322 974 1475 'riciusppnisex
982 1260 1241 1403 irordeovolvi,et
1248 1328 1280 1393 in

123 1414 208 1490 tui,
223 1427 254 1479 et
267 1415 353 1483 Deus
366 1416 472 1483 lsonc:
487 1414 642 1492 Terram,
659 1416 694 1482 in
735 1424 837 1476 castro
879 1412 971 1478 adian
979 1412 1184 1481 descendere:
1195 1422 1282 1483 obm-

125 1512 206 1593 qua
224 1504 363 1580 dormis,
383 1503 440 1570 [ibi
460 1503 544 1583 dubo
557 1556 566 1578 ‚
587 1516 619 1597 pt
641 1528 694 1571 se.
735 1523 797 1588 que
814 1502 1008 1588 pervenisset
1031 1504 1070 1567 ati
1088 1504 1281 1571 tabernacu-

125 1590 553 1679 minituo,ete.lbid.28.
575 1594 689 1659 ηαδ.
735 1586 828 1663 lum,
864 1592 1020 1695 percussit
1049 1588 1151 1670 illud,
1185 1604 1280 1683 utque

180 1682 341 1770 Viditque
360 1670 510 1769 (laban,
521 1679 626 1755 lacot
638 1684 693 1770 su·
735 1678 1281 1761 subvertit,etterraesunditirscoae-

121 1769 694 1862 gienteminsequemfinsomnisdi·
735 1767 853 1855 quovit.
867 1768 1042 1859 Respondit
1057 1771 1094 1849 is,
1106 1772 1158 1837 eui
1172 1768 1281 1861 loque

124 1857 533 1931 centemsibiDominum:
545 1858 692 1937 Carene
733 1855 850 1923 batur:
870 1856 941 1925 Non
960 1859 1083 1927 esthon
1100 1860 1205 1939 atiud,
1219 1861 1279 1927 nisi

128 1946 321 2037 quidquem
336 1955 446 2103 aspere
463 1947 602 2037 loqueris
617 1973 692 2015 con·
732 1944 856 2101 plsdius
875 1938 1034 2015 Gedeonis
1054 1948 1110 2015 filii
1129 1946 1205 2017 dous
1222 1950 1279 2017 viri

127 2051 190 2105 tra
210 2036 322 2102 Jacob.
344 2036 365 2104 I
389 2036 433 2104 id.
454 2038 507 2103 51.
535 2040 586 2118 sd.
606 2035 693 2104 Vide
750 2035 905 2121 sraelitoe:
924 2037 1051 2104 tradidit
1069 2040 1153 2104 enim
1172 2039 1279 2105 Domi·

126 2142 220 2192 etv.
245 2150 293 2192 tt.
313 2122 398 2193 Item
416 2150 443 2194 o.
467 2127 520 2215 57.
539 2143 612 2194 ote.
632 2130 686 2208 dn.
732 2150 791 2189 nus
811 2124 843 2192 in
861 2150 974 2192 manus
994 2128 1063 2217 ejus
1080 2127 1280 2204 Madiane

38 2295 39 2310 ρ
128 2218 166 2281 8.
189 2214 242 2287 ι6.
656 2293 659 2299 ¹
732 2216 1279 2305 omnincestrnlejus.Cbmquenu·

183 2302 261 2370 Post
274 2302 353 2371 duos
369 2327 468 2372 annos
478 2305 556 2373 vidit
564 2304 689 2374 Pharao
731 2304 827 2371 disset
846 2303 980 2371 Gedeon
996 2305 1174 2386 somnium,
1190 2317 1220 2371 et
1233 2306 1279 2370 in-

130 2394 313 2458 somnium.
333 2392 469 2464 Putabat
485 2419 518 2460 se
534 2408 618 2463 stare
633 2422 690 2462 su·
731 2395 993 2483 terpretntionem
1009 2395 1099 2480 ejus,
1116 2393 1275 2459 odoravit:

156 2505 198 2548 er
223 2481 376 2559 ssurium,
392 2482 434 2548 de
452 2508 517 2572 quo
534 2485 689 2551 ascende·
731 2496 763 2548 et
775 2507 919 2548 reversus
933 2494 979 2546 est
992 2481 1032 2546 nd
1044 2495 1147 2550 castra
1162 2478 1277 2558 lsrael,

132 2506 221 2636 bunt
236 2583 359 2660 septem
375 2571 473 2639 boves
496 2568 639 2662 pulchra:
656 2584 690 2638 et
731 2585 764 2636 et
779 2573 845 2652 ¹sit:
871 2571 1017 2660 surgite,
1041 2569 1172 2653 tradidit
1192 2571 1277 2636 enim

132 2683 256 2740 cresse
276 2659 372 2726 nimis
390 2685 399 2726 ε
424 2673 458 2726 et
477 2663 691 2750 poscebantur
731 2659 888 2726 Dominus
904 2658 936 2723 in
953 2683 1064 2724 inanes
1078 2670 1200 2724 nostrus
1214 2682 1279 2726 ens-

134 2747 170 2814 in
185 2747 269 2816 loeis
285 2748 499 2838 palustribus,
512 2763 574 2824 ete.
595 2749 685 2818 lttd.
720 2741 779 2819 ‘tra
797 2747 939 2824 Madian,
957 2759 1018 2814 etc.
1042 2740 1157 2814 dudio.
1174 2773 1204 2836 7.
1225 2747 1274 2816 st.

132 2834 685 2928 41.1.etsep.Vide'v.5.stsep.
731 2856 840 2926 etseq.
961 2917 971 2934 ι
1014 2907 1021 2916 ,
1057 2845 1061 2856 ’
1096 2845 1099 2852 ’

181 2925 336 2994 Profeetu
376 2925 690 2996 uelsrndlcumom
775 2925 1280 3012 SamiielquaterdDominouo

137 3015 238 3083 nibus
253 3067 263 3091 ,
279 2952 525 3121 quesbsbehat,
541 3018 629 3084 venit
649 3008 690 3084 id
714 3010 837 3094 'catum
854 3017 1087 3082 revelationem
1099 3017 1231 3107 aceepit.
1250 3041 1275 3088 r.

137 3118 276 3207 puteum
289 3106 481 3195 juramenti:
495 3121 527 3173 et
542 3109 690 3174 meetstis
732 3107 808 3196 seg.
828 3132 855 3172 e.
875 3107 905 3172 5.
918 3131 979 3194 per
994 3121 1107 3172 totum.

138 3191 181 3260 tbi
190 3195 330 3262 victimis
339 3194 689 3286 Deopntrissuidssnc,
777 3195 1006 3284 Consuluitque
1028 3197 1148 3282 (satit)
1166 3195 1278 3262 Domi-

142 3284 264 3352 audivit
275 3309 368 3362 eum,
380 3309 439 3376 per
451 3285 603 3353 visionem
616 3310 689 3352 noo·
732 3307 829 3362 num,
847 3297 878 3348 et
894 3308 958 3356 non
978 3284 1141 3376 respondit
1156 3283 1205 3363 ei,
1218 3305 1278 3348 no-

143 3368 201 3451 tis,
219 3385 387 3441 vocantem
407 3397 458 3450 se,
474 3386 508 3439 et
529 3375 689 3442 dicentem
732 3397 794 3460 que
810 3398 868 3464 per
883 3373 1023 3450 somnio,
1040 3397 1144 3462 neque
1158 3395 1218 3461 per
1232 3396 1275 3438 ss-

146 3459 225 3529 stbi:
250 3463 372 3541 Jacob,
396 3463 499 3530 Jacob
518 3488 525 3529 :
548 3464 603 3535 eui
622 3489 690 3531 res-
732 3463 892 3539 cerdotes,
905 3487 1009 3552 neque
1020 3485 1079 3554 per
1089 3462 1272 3554 propbetas.

145 3553 279 3702 ppndit:
303 3555 388 3620 Ecce
414 3551 538 3620 adsum.
569 3553 622 3620 Ait
644 3553 689 3620 itti
732 3553 820 3619 ibid.
842 3555 893 3618 28.
912 3554 944 3625 6.

173 3640 689 3730 eussssgosumiortissimuslieus
776 3643 924 3728 Dixitque
952 3641 1076 3716 Nathan
1104 3641 1145 3706 ud
1171 3661 1279 3730 regem

146 3727 241 3812 petris
265 3731 334 3798 tui:
364 3731 429 3798 noli
460 3733 587 3810 timere,
614 3733 690 3800 des-
735 3731 919 3822 (Dauitffls
937 3731 1045 3798 Omne
1067 3731 1153 3820 qnod
1175 3741 1223 3793 ost
1244 3728 1277 3792 in

148 3819 302 3888 condeio
329 3821 528 3914 AEgyptum‚
558 3824 632 3914 quie
656 3824 688 3890 in
731 3823 915 3898 cordetuo,
934 3815 1278 3906 vatio,sac:quinD0-

149 3923 271 4064 putem
287 3936 435 4002 magnum
452 3911 568 3982 seciam
586 3926 617 3980 te
630 3913 684 3985 ibi.
730 3913 837 3978 minus
859 3924 966 3976 tecum
986 3920 1043 3974 est.
1070 3907 1207 3987 Factum
1229 3915 1278 3970 est

170 3993 233 4075 bid.
251 4001 306 4082 to.
331 4027 357 4068 ι.
378 4017 486 4088 etseq.
732 4011 839 4068 eutem
865 4001 897 4064 in
925 3997 977 4080 iilo
1005 4009 1116 4076 nocte,
1145 4003 1176 4063 et.
1201 3997 1277 4062 eceb
