2967 4675
232 317 296 382 318
475 307 551 388 Qttt
1047 304 1130 372 tlt>

278 426 311 494 Si
335 425 419 490 enim
465 445 512 489 1111
536 421 695 500 destruxi,
719 423 776 490 ite
795 393 1359 510 ι0111111111)11111ἰ1111111114111444111
1447 426 1448 439 ¹

212 523 306 582 ,111111
331 513 400 579 haeo
421 447 564 577 felilices
592 512 776 600 praevarioo·
820 511 898 577 dicit
924 508 1081 598 Spiritus,
1102 521 1139 574 ut
1161 511 1362 598 reqmeseant

234 619 336 671 torem
353 625 405 667 me
421 601 589 665 constituo.
609 601 676 689 Ego
691 602 776 667 euim
818 606 836 665 a
876 598 1038 665 laboribus
1070 597 1148 664 suis.
1182 601 1358 690 Apoeulip.

235 715 292 782 per
306 690 429 780 legem,
446 687 506 777 legi
524 673 669 755 mortbus
685 714 775 767 sum,
823 691 873 768 14.
897 689 948 754 ab.

235 794 270 848 ut
286 781 354 846 Deo
370 779 482 846 vivam.
503 777 575 844 Gal.
593 802 622 844 1.
649 781 698 844 18.
723 803 772 867 ¹9·
818 829 968 911 Qum
982 827 1136 892 iamim
1148 827 1362 894 animm

255 913 355 996 Oula
370 912 532 1002 magii
544 912 664 1018 p⁰lml⁰
677 910 751 977 Dal
862 895 938 1027 Haeo
962 961 1041 1026 dicit
1065 960 1222 1025 Dominus
1240 986 1249 1027 :
1277 962 1366 1029 State

278 1049 389 1134 ltaque
404 1043 593 1133 relinquitur
610 1043 777 1111 Sabbatis-
818 1074 916 1140 super
930 1049 1015 1125 vias,
1032 1060 1064 1115 et
1080 1047 1204 1125 videte,
1221 1062 1255 1114 et
1272 1051 1367 1117 inter·

233 1161 305 1203 mus
321 1134 440 1225 populo
457 1133 527 1200 Dei.
550 1133 614 1214 Qui
630 1135 714 1199 euim
730 1135 777 1198 in·
817 1151 928 1228 rogate
941 1137 981 1203 de
993 1137 1115 1204 semitis
1127 1138 1283 1226 antiquis,
1296 1163 1366 1228 que

233 1249 358 1316 gressus
385 1235 433 1289 est
458 1226 489 1288 in
512 1225 654 1310 requiem
681 1223 750 1311 ejus
765 1273 774 1298 ‚
817 1229 857 1292 sit
868 1229 918 1292 via
931 1227 1033 1300 boun,
1048 1238 1081 1292 et
1093 1226 1257 1293 ambulate
1269 1229 1303 1296 iu
1315 1236 1363 1295 ei:

234 1316 330 1380 etiam
349 1315 417 1403 ipse
434 1313 588 1400 requievit
605 1312 644 1376 eb
668 1312 776 1400 operi-
817 1330 850 1381 et
879 1315 1048 1382 invenietis
1072 1315 1274 1405 refrigerium
1296 1320 1367 1386 ani·

231 1405 292 1470 bus
318 1403 403 1480 suis,
431 1402 513 1467 sicut
541 1408 559 1467 lt
585 1401 648 1466 stris
674 1399 771 1466 Deus.
817 1406 931 1470 mabus
942 1405 1066 1470 vestris.
1083 1403 1154 1469 Jor.
1173 1406 1204 1469 6.
1224 1407 1276 1472 16.

232 1493 435 1580 11141149.
456 1513 503 1555 1ο.
861 1492 977 1559 Tollite
998 1494 1113 1582 jugum
1136 1517 1246 1560 meum
1269 1518 1367 1600 suqsor

816 1607 889 1660 ros,
903 1596 935 1649 et
947 1582 1059 1647 discite
1070 1588 1088 1647 a
1100 1605 1172 1659 me,
1188 1583 1263 1671 quia
1277 1585 1366 1649 mstis

817 1696 908 1749 sum,
925 1684 957 1737 et
972 1670 1101 1742 humilis
1122 1671 1236 1736 corde:
1261 1684 1293 1738 et
1312 1674 1364 1738 in·

816 1762 949 1826 venietis
968 1784 1003 1824 re
1027 1760 1113 1825 ulem
1128 1760 1292 1829 animabus
1309 1784 1367 1826 ve-

277 1849 441 1916 lustorum
469 1859 576 1912 autem
606 1847 719 1913 auimae
741 1847 772 1913 in
816 1852 898 1945 stris.
917 1784 1038 1919 Marri.
1058 1869 1109 1915 ιι.
1130 1873 1182 1938 19.

232 1962 330 2005 munu
344 1935 404 2002 Dei
420 1948 514 2011 suut,
533 1947 566 1999 et
581 1958 646 2000 nou
665 1948 775 2024 tanget

231 2026 301 2095 illos
316 2036 513 2092 tormentum
534 2024 646 2090 mortis
667 2022 774 2090 —illi
1021 2028 1151 2076 ΝΜ·

230 2129 337 2182 autem
350 2113 465 2179 suntin
476 2114 615 2201 paoe.Et
627 2113 652 2177 si
664 2136 773 2180 coram

230 2193 413 2272 bominibus
421 2213 578 2267 tormenta
589 2202 672 2290 passi
685 2214 771 2279 suut,

206 2340 211 2351 ·
229 2318 300 2385 spes
311 2292 439 2360 illorum
453 2289 692 2357 immortalitate
703 2289 774 2381 ple·
859 2299 989 2390 Rupiuae
1000 2300 1044 2365 im
1067 2299 1173 2365 iurum
1191 2298 1363 2366 detrahunt

228 2408 269 2453 na
283 2396 341 2450 est.
360 2382 440 2471 Sap.
460 2381 491 2446 5.
511 2403 538 2446 t·
558 2395 588 2445 et
602 2403 666 2467 toq-
815 2412 890 2466 eos,
910 2391 983 2477 quia
1000 2323 1173 2455 uoluerunt
1187 2389 1295 2457 lacere
1309 2391 1364 2479 ju-

273 2472 303 2539 0
333 2478 429 2561 qubm
453 2468 588 2560 pulchra
615 2482 663 2535 est
685 2482 773 2535 custo
815 2478 1188 2565 dicium.Pr0u.21.7.
1328 2486 1332 2492 ’

228 2562 390 2653 generatio
417 2584 491 2627 cum
522 2558 685 2625 cleritatel
710 2560 773 2624 irn-
859 2567 924 2648 Qui
940 2566 1154 2635 calumniatur
1170 2590 1360 2656 pauperem,

227 2650 371 2719 mortalis
408 2662 455 2717 est
494 2650 580 2714 enim
619 2648 772 2713 memoria
805 2668 849 2721 ut
873 2656 1131 2745 augeatdisitias
1153 2680 1246 2733 suas,
1271 2655 1364 2723 dubit

227 2742 310 2808 illius
326 2765 333 2806 :
354 2740 504 2829 quonium
520 2750 552 2804 et
569 2736 654 2827 opud
667 2739 771 2804 Deum
812 2744 880 2835 ipsu
891 2745 1014 2823 djtiuui,
1027 2756 1060 2811 ut
1070 2745 1185 2834 egebit.
1200 2745 1292 2811 [bid.
1305 2768 1360 2813 22.

228 2843 302 2897 nota
315 2841 379 2905 est,
396 2841 429 2893 et
442 2826 528 2918 apud
543 2826 699 2892 homiues.
713 2827 735 2893 1
738 2826 768 2891 b.
818 2837 867 2901 16,

224 2923 257 3000 4.
281 2943 307 2983 1.
856 2923 912 2992 Vae
927 2922 980 3011 qui
996 2922 1169 3012 praedaris:
1195 2944 1303 2989 noune
1327 2935 1362 2989 et

277 3006 393 3099 Veniat
419 3026 507 3092 pax,
535 3004 712 3091 requiescat
737 3005 770 3069 iu
811 3010 879 3100 ipse
898 3012 1114 3099 praedaberisi
1129 3023 1190 3077 eto.
1213 3010 1357 3077 111155.

227 3093 324 3162 oubili
352 3117 430 3167 suo,
459 3092 515 3179 qui
537 3091 711 3159 ambulavit
736 3093 770 3158 in
817 3123 844 3166 ι,
863 3100 950 3167 Viuo
964 3116 994 3167 ur
1008 3100 1125 3166 Em,
1146 3124 1198 3166 22,
1213 3103 1270 3165 25,

171 3234 176 3243 -
225 3181 403 3251 directione
412 3188 477 3246 sul.
489 3179 559 3247 111.
571 3182 624 3268 57.
638 3204 667 3247 1.
684 3179 771 3245 Vide

225 3292 299 3341 111.
320 3272 372 3336 ba.
394 3294 442 3357 17.
463 3271 511 3335 18.

269 3361 406 3427 Factum
418 3371 466 3424 est
477 3371 585 3424 autem
596 3408 606 3435 ,
619 3371 654 3423 ut
667 3380 770 3424 more

226 3463 315 3516 retur
330 3448 514 3524 mendicus,
536 3460 568 3513 et
586 3458 770 3537 portaretur
866 3452 905 3516 Et
932 3449 1115 3540 depopulati
1144 3460 1219 3514 suut
1239 3446 1359 3514 urbem

224 3540 265 3605 ab
286 3535 414 3627 Angelis
435 3537 467 3603 in
490 3538 594 3603 sinum
617 3536 764 3601 Abrabae.
814 3538 902 3629 (filit
921 3537 1045 3628 Jacob)
1064 3542 1097 3605 in
1114 3537 1271 3605 ultionem
1288 3550 1359 3603 stu-

225 3626 368 3693 Mortuus
384 3638 431 3691 est
446 3638 551 3691 autem
569 3638 601 3691 et
613 3625 718 3699 dives.
736 3638 769 3691 et
809 3630 868 3718 pri.
885 3629 969 3695 Oves
984 3651 1119 3705 eorum,
1135 3639 1169 3692 et
1188 3640 1355 3702 armenta.

222 3714 364 3807 sepultus
380 3714 436 3807 :est
464 3716 495 3781 in
527 3714 662 3780 inferno.
685 3712 764 3781 Luc.
810 3730 841 3784 et
853 3720 956 3785 asinos
967 3770 976 3795 ,
989 3729 1170 3805 cunctaque
1182 3729 1356 3792 restantes,

227 3808 277 3875 16.
299 3828 349 3870 11.
809 3806 1354 3895 quroinrlomibusetinngriseraut:

267 3899 306 3964 Et
321 3892 427 3959 audivi
446 3894 516 3979 (ait
525 3892 689 3979 1111111111)
711 3916 765 3959 vo·
808 3894 956 3986 parrulos
968 3920 1096 3985 quoque
1106 3917 1220 3960 eorum
1232 3906 1266 3959 et
1282 3917 1357 3959 uxo

224 4010 294 4053 uem
309 3984 348 4049 rle
364 3981 465 4057 ooelo,
484 3982 645 4049 dicentem
661 3980 739 4048 mihi
755 4006 764 4047 s
808 4008 859 4050 res
871 3984 1030 4052 duxerunt
1042 3985 1192 4075 captivas.
1204 3984 1351 4061 611134.

223 4074 353 4148 Sor-ibes
381 4072 470 4139 beati
494 4073 631 4148 mortui,
656 4072 764 4159 quiin
809 4097 861 4161 17.
880 4089 984 4161 etseq.
1257 4092 1263 4101 ·

274 1625 425 1708 Quietem
435 1639 465 1688 st
476 1644 592 1711 parem
608 1636 732 1687 eertum

329 1727 564 1798 rostroqueotur
574 1713 672 1798 justi.

913 2167 1047 2257 Rapina
1060 2168 1257 2233 damnetur.

881 3232 1023 3324 Rapinoe
1036 3249 1066 3298 et
1079 3230 1280 3323 spoliarem}

1001 3324 1161 3412 mpla.
