2967 4675
327 418 405 487 ras
907 417 988 487 rar
1172 424 1230 509 ο,

134 533 311 622 erupisset
321 582 332 614 ‚
344 545 491 636 pastores
508 583 516 612 ,
534 531 641 599 audite
681 543 767 635 mate
783 554 791 596 τ
809 543 841 597 et
857 534 1013 639 aspergite
1031 536 1227 609 rescissore,

90 622 228 688 verbum
257 622 386 687 Domini
416 619 639 725 :Vrvoegm
682 631 849 773 optimates
879 644 982 712 gregis
1008 646 1016 686 :
1041 624 1112 710 quia
1142 646 1229 688 oom-

92 710 167 786 dioit
192 710 351 781 Dominus
366 710 472 786 Deus,
493 732 567 798 quta
582 734 642 799 pro
681 709 758 796 peti
774 720 847 773 sunt
864 709 931 776 dies
943 711 1058 788 vestrl,
1076 724 1111 775 ut
1126 711 1226 777 inter-.

43 821 44 824 ’
92 823 147 877 eo,
163 799 257 888 qubd
271 800 347 868 iacti
362 812 438 865 sunt
447 823 559 889 greges
578 800 641 865 mei
682 796 854 872 ficiemini3
881 811 914 865 et
937 800 1156 889 dissipationes
1170 787 1238 866 ve!

91 889 119 953 in
143 890 294 979 rapinam
323 911 332 954 t
361 899 394 955 et
416 912 490 955 oves
510 912 589 957 mese
607 889 641 955 in
682 900 774 963 strae,
790 885 954 954 otoadetis
969 891 1057 979 quasi
1072 914 1145 955 vasa
1157 912 1227 977 pre-

88 977 332 1049 devoratiouem
356 979 499 1047 omniurn
526 979 641 1045 bestia·
673 976 1221 1069 'tiosa-Voxolsmorispustorum,

90 1091 158 1135 rum
181 1068 271 1157 agri,
299 1073 339 1133 eb
362 1067 447 1156 qubd
469 1091 536 1135 nou
556 1079 640 1136 esset
680 1064 868 1147 etululatus
888 1068 1077 1157 optimatum
1093 1069 1223 1157 gregis:

89 1169 197 1243 postor
222 1181 231 1224 ι
259 1179 365 1245 neque
394 1158 481 1222 enim
506 1158 639 1245 quesis-
681 1156 755 1244 quia
777 1157 910 1223 vastarit
928 1156 1083 1236 Dominus
1110 1181 1225 1245 pesona

89 1246 639 1335 runtpastoresmeigregemmeum
680 1267 805 1313 summ.
836 1248 878 1311 Et
901 1246 1125 1312 oontiouerunt
1153 1268 1230 1311 arra

90 1336 142 1401 sed
170 1336 349 1426 pascebant
365 1345 508 1423 pastores
525 1348 641 1403 semet·
682 1333 885 1421 paoistsaoie
897 1334 1073 1399 iroesuror-is
1085 1334 1223 1399 Domini.

92 1425 198 1513 ipsos,
212 1436 246 1491 st
256 1416 369 1512 greges
385 1446 476 1491 meos
490 1447 555 1490 non
570 1447 642 1511 pas·
682 1421 775 1490 ibid.
805 1425 857 1493 ab.
876 1424 929 1501 ¹⁷²4·
950 1424 1004 1489 56.
1025 1424 1078 1508 57·

89 1515 233 1591 subant,
253 1512 372 1579 Euat.
390 1513 444 1591 tt.
465 1538 496 1599 7.
515 1515 547 1577 8.
566 1512 643 1577 Haeo
729 1510 835 1597 Super
842 1522 987 1599 pastores
1002 1511 1102 1579 iratus
1117 1520 1166 1574 est
1182 1510 1233 1574 su·

91 1602 168 1670 dicit
181 1602 341 1669 Dominus
356 1602 443 1667 Deus
460 1625 469 1666 t
488 1602 575 1665 Ecce
585 1622 644 1687 ego
687 1622 743 1663 ror
759 1622 871 1675 meus,
889 1610 921 1664 et
940 1622 1035 1687 super
1047 1598 1153 1665 hircos
1163 1598 1233 1665 risi·
1309 1601 1312 1609 “

89 1692 157 1781 ipae
188 1715 286 1781 sopor
316 1701 460 1777 pastores
484 1688 644 1776 requiram
686 1688 773 1754 tabo.
791 1687 893 1753 laet
917 1710 965 1759 10.
983 1690 1015 1755 t.

87 1803 225 1870 gregem
236 1800 347 1845 meum
359 1776 506 1849 domoon
517 1799 644 1852 eorum,
730 1775 800 1844 Vox
815 1775 952 1843 ululatus
964 1788 1145 1867 pastorum,
1158 1778 1231 1866 quis

83 1864 645 1943 ‘etoessorssseismeos,utottrtnon
685 1876 807 1932 vastata
837 1878 884 1931 est
909 1867 1143 1956 magnificentia
1172 1889 1231 1931 eo-

84 1967 231 2047 psseaut
253 1978 403 2043 gregem,
429 1978 491 2021 neo
514 1966 645 2042 pascunt
686 1954 1230 2023 rum—HaeodioitDominusDeus

85 2042 232 2201 affligi
252 2056 396 2197 pastores
418 2044 641 2197 semetipsosd:
684 2044 1032 2200 ¹³⁰⁰⁸i¹i²⁸oesffl⁰⁰ffl
1041 2046 1226 2199 ι(ιοοίιίοιᾶἰι,

87 2160 104 2201 e
158 2157 169 2199 ι
215 2156 249 2197 ra
275 2156 295 2197 o
397 2156 448 2199 em
467 2156 576 2199 meum
624 2156 643 2197 e
706 2156 753 2198 uas
778 2155 831 2220 qut
870 2156 904 2199 os
961 2158 1038 2201 eran
1066 2158 1167 2209 ,ocor
1192 2156 1229 2199 e-

90 2247 143 2290 sre
165 2244 303 2298 eorsum,
319 2156 454 2295 gsitegnou
476 2223 537 2288 erit
560 2220 640 2287 uitrb
682 2158 779 2298 dant,
793 2234 824 2293 et
840 2157 904 2289 tion
920 2223 1091 2299 dolebant,
1107 2237 1139 2289 et
1155 2246 1228 2288 sen·

91 2314 132 2380 eis
147 2314 182 2379 in
197 2332 316 2378 eseam.
335 2337 370 2378 ο.
390 2334 438 2380 ιο.
683 2311 802 2377 debant
815 2312 871 2390 οι.
889 2311 1031 2382 dicentes
1046 2337 1054 2378 :
1070 2312 1227 2380 Benedic-

121 2396 640 2490 Memsnsnussutemfogit‚·‹juis
682 2414 732 2466 tus
753 2403 929 2480 Dominus,
955 2404 1068 2469 divites
1083 2403 1158 2467 sacti
1174 2425 1229 2467 su-

93 2490 309 2558 meroensrius
326 2503 394 2565 est,
410 2502 443 2556 et
457 2513 523 2556 uon
539 2490 640 2578 perti-
683 2513 753 2558 mus
779 2515 787 2557 ι
811 2503 846 2556 et
866 2505 1008 2580 pastores
1030 2513 1141 2556 eorum
1164 2512 1229 2554 non

94 2581 206 2647 netad
227 2603 302 2648 eum
324 2580 367 2646 de
387 2579 510 2649 oribus.
534 2579 636 2644 loun.
682 2579 858 2667 parcebant
871 2581 928 2646 eis.
947 2581 989 2646 Et
1004 2601 1063 2666 ego
1079 2600 1231 2665 nonper-

98 2691 140 2734 ιο.
156 2671 210 2735 ιὸ.
682 2691 755 2734 cam
770 2666 854 2732 ultra
866 2691 962 2756 super
973 2666 1154 2732 habitantes
1164 2678 1232 2729 ter*

132 2759 220 2825 Sunt
233 2757 321 2823 enim
336 2755 429 2823 multi
441 2794 485 2814 -.-
496 2755 552 2844 qui
567 2754 641 2820 nni·
683 2779 773 2834 ram,
790 2755 868 2821 dicit
883 2755 1050 2823 Dominus.
1069 2751 1089 2817 1
1092 2753 1158 2818 bid.
1179 2777 1228 2818 ιι.

95 2868 193 2914 tersas
215 2846 330 2912 domos
349 2847 558 2921 subvertunt,
581 2842 641 2909 do-
684 2847 715 2910 t.
736 2860 767 2908 et
782 2869 847 2931 seq.
871 2841 986 2910 Adhuo
1005 2865 1095 2908 sume
1113 2843 1169 2908 tibi
1187 2879 1231 2892 --

97 2950 195 3004 untes
214 2959 365 3024 qoaeoon
380 2945 524 3023 oportet,
542 2933 642 3022 turpis
683 2936 781 3022 sup'er
811 2931 941 3000 oculum
964 2930 1111 2998 dextrum
1141 2931 1230 3024 ejus,

97 3020 168 3092 buri
183 3024 301 3116 gratit.
323 3024 390 3090 Tit.
414 3047 441 3089 1.
460 3046 509 3089 ιο.
533 3046 583 3107 ¹¹0,
684 3035 746 3090 eto.
765 3047 798 3089 ο.
824 3024 872 3088 15.
891 3039 922 3088 ot
941 3045 990 3110 17.

116 3159 249 3235 tratum
267 3174 383 3240 ,cvm
400 3183 434 3225 ³⁶
449 3177 617 3250 P‘Wm·
870 3205 1056 3260 susurru.

135 3296 188 3368 Vm
212 3297 415 3388 pastoribus,
439 3299 494 3387 qni
518 3299 643 3390 disper-

100 3383 206 3464 dunt,
242 3398 276 3452 et
307 3385 483 3462 dilacerant
512 3411 642 3477 gregem
1098 3462 1101 3470 ,

101 3495 223 3624 pesona
251 3498 354 3552 mest,
380 3476 457 3542 dieit
473 3477 639 3549 Dominus.
728 3479 876 3567 Dixitque
885 3478 970 3548 Deus
987 3479 1122 3566 (eidem
1130 3477 1234 3544 Ιιοιιιὶ-Ι

118 3561 174 3628 deb
196 3563 265 3632 buo
280 3565 359 3631 dicit
379 3565 556 3643 Dominus,
577 3578 639 3633 eto.
685 3593 768 3633 omn
790 3581 923 3658 peceato
947 3571 1103 3656 creseere)
1131 3591 1138 3631 τ
1163 3567 1233 3639 Non

104 3649 163 3718 tos
176 3652 368 3743 dispersistis
379 3677 507 3743 grogem
520 3679 642 3733 meum,
684 3657 884 3746 permanebit
893 3657 1021 3745 spiritus
1029 3656 1158 3722 mensio
1171 3656 1231 3721 bo-

105 3743 284 3830 etejeeistis
299 3765 375 3819 sos,
392 3755 425 3808 et
439 3767 505 3808 non
523 3745 640 3812 visitas·
685 3748 772 3813 mine
798 3747 830 3812 in
850 3759 1028 3822 aeternum,
1084 3745 1134 3810 ais
1156 3767 1232 3808 coro

106 3829 141 3894 tis
153 3855 208 3898 eos
223 3856 232 3897 :
246 3838 394 3921 eceeego
404 3833 539 3898 visitabo
549 3855 645 3938 super
685 3848 733 3902 est
756 3849 939 3924 :errrntque
961 3835 1027 3900 dies
1048 3769 1132 3899 iiiios
1153 3853 1230 3896 oen-

106 3939 155 3985 ros
164 3920 318 3988 maiitiam
335 3922 511 3989 studiorum
527 3938 645 3991 vestro·
685 3938 755 3991 tum
762 3926 871 4019 viginti
884 3947 1050 3993 annorum.
1067 3918 1186 3986 Gerr-fi·
1198 3915 1228 4006 3³.

107 4029 189 4086 rum,
202 4012 249 4078 ait
261 4011 427 4078 Dominus.
445 4011 567 4080 lm.
588 4017 639 4081 25.
728 4015 805 4094 Quo
817 4015 921 4100 (Deo)
933 4022 1232 4080 transeunteeoraru

109 4118 133 4177 ι.
150 4119 176 4174 ι.
686 4127 725 4167 eo
750 4103 926 4192 (Moyse),
950 4101 1019 4164 ait:
1045 4092 1233 4162 Dominator·

43 4244 44 4257 ,
144 4187 293 4268 Diodoto,
324 4202 489 4278 pastores,
519 4205 551 4258 st
577 4191 645 4259 ois-
687 4189 823 4261 Domine
854 4189 967 4261 Deus,
995 4182 1174 4253 misericors
1200 4191 1232 4260 et

683 3349 818 3422 Patiens
828 3365 858 3416 st
870 3347 1071 3440 longanimis
1080 3362 1126 3418 ,stt
1133 3347 1233 3430 Dm,
