2967 4675
208 390 249 467 st
452 382 543 453 uon
1009 361 1100 445 uon

208 508 315 563 catum
336 516 437 569 mors,
459 504 491 558 et
516 493 558 557 itu
582 491 613 557 in
637 490 745 557 omnes
785 492 952 557 incassum.
970 488 1069 554 lorus
1092 488 1144 553 15.
1167 490 1216 567 14.
1237 484 1323 551 Viris

208 584 352 649 homines
378 602 464 646 mors
485 579 684 669 pertransiit,
712 578 745 643 in
790 603 817 643 1.
832 578 908 668 ch.
929 579 980 642 16.
1004 600 1052 642 ιο.
1071 576 1241 665 Mega.
1259 599 1288 639 1.

207 695 271 761 quo
288 679 630 757 omnespoccaverunt.
648 667 741 732 Rom.
829 666 944 732 Breues
974 664 1042 729 dies
1067 664 1204 729 bominis
1229 674 1323 737 sunt,

209 760 239 825 5.
267 780 315 823 11.
342 756 376 821 Si
401 757 487 822 enim
505 756 598 820 unius
629 752 746 819 delicto
786 776 936 822 numerus
958 752 1115 817 mensium
1141 753 1211 841 ejus
1236 750 1324 854 apud

207 868 337 915 morsre
359 845 629 935 navitperunum:
644 839 746 907 multo
785 855 818 909 to
845 854 917 907 est:
953 840 1141 908 constituisti
1171 852 1324 928 termmos

208 934 308 1023 magis
327 868 552 998 abundantiam
577 930 682 1021 gratiae
714 942 747 995 et
788 934 858 1019 ejus
871 979 881 1006 ,
896 930 957 1083 poi
977 928 1131 1018 praeteriri
1152 950 1216 993 non
1237 938 1324 1015 poto

208 1020 387 1089 donationis
399 1034 432 1086 et
444 1020 574 1109 justitior
586 1019 747 1107 accipien·
786 1030 870 1085 runt.
919 1017 959 1081 ob
976 1020 1025 1095 14.
1045 1018 1075 1081 5.

207 1124 274 1184 tes;
312 1110 345 1176 in
382 1109 443 1174 vita
476 1106 655 1211 regnabunt
690 1128 748 1194 por
832 1106 911 1186 Quis
932 1116 979 1170 est
996 1105 1109 1180 bomo,
1125 1104 1181 1193 qui
1196 1103 1327 1170 rivetet

209 1221 309 1265 unum
325 1197 436 1263 Jesum
453 1196 622 1263 Christum.
640 1219 674 1260 o.
695 1218 743 1283 ¹7·
788 1217 851 1262 non
887 1192 1007 1259 ridebit
1033 1204 1202 1257 mortem:
1235 1202 1328 1257 eruet

246 1283 742 1375 Stipendiaenimpeccuti,mors.
787 1284 925 1349 animam
939 1304 1029 1347 suam
1045 1280 1085 1346 dc
1099 1303 1198 1346 manu
1210 1277 1326 1347 inferi?

209 1374 297 1445 lttd.
313 1375 344 1439 6.
361 1374 412 1438 15.
787 1372 940 1437 111111.
954 1372 1008 1473 49.

255 1461 415 1542 Quoniam
429 1457 557 1549 quidem
569 1482 626 1548 per
640 1457 747 1525 homi·
833 1458 903 1525 Non
915 1469 963 1523 est
976 1480 1009 1521 111
1021 1456 1157 1522 bominis
1171 1468 1328 1544 potestate

209 1574 284 1617 nom
309 1572 416 1625 mors,
443 1560 475 1613 et
502 1571 559 1638 per
585 1548 748 1613 hominem
788 1546 958 1634 probibere
972 1545 1138 1635 spiritum,
1155 1568 1215 1611 nec
1230 1545 1329 1610 babet

209 1637 400 1708 resurrectio
428 1648 651 1712 mortuorum,
683 1648 744 1701 etc.
811 1647 976 1703 otestatem
994 1635 1026 1699 in
1042 1633 1093 1699 die
1114 1634 1247 1699 mortis:
1267 1656 1328 1699 nec

213 1750 241 1795 1.
259 1726 335 1794 Cor.
360 1726 408 1791 15.
426 1747 476 1790 11.
686 1733 688 1737 ’
789 1661 902 1789 iinitur
952 1722 1116 1810 quiescere
1160 1722 1328 1810 ingruente

255 1814 335 1879 Nam
351 1834 420 1900 quae
436 1812 468 1876 in
485 1811 603 1879 deliciis
617 1825 682 1889 est,
701 1813 750 1880 vi-
789 1810 895 1887 beilo,
911 1834 1015 1967 neppre
1036 1809 1167 1876 salvabit
1181 1810 1329 1899 impietas

211 1912 424 1970 vensmortua
439 1910 496 1964 est.
523 1923 548 1964 1.
572 1900 694 1967 Tinub.
714 1901 746 1965 6.
790 1902 834 1967 im
857 1900 933 1965 ium.
984 1900 1119 1965 114118.
1139 1900 1169 1963 8.

254 1987 377 2053 Deinde
398 1987 651 2091 concupiscentia
675 1994 749 2054 cium
832 1925 982 2056 biremes
996 1988 1082 2053 enirn
1096 1988 1200 2053 sciunt
1214 2011 1249 2053 se
1260 2011 1330 2053 esse

212 2076 414 2163 conceperit,
447 2087 529 2164 pant
559 2089 747 2165 peccatum:
790 2077 982 2151 morituros,
1005 2076 1123 2141 mortui
1149 2082 1222 2141 vero
1248 2074 1328 2141 nihii

210 2168 478 2253 peccatumverb,
505 2188 579 2232 cum
600 2186 748 2233 consum·
790 2175 947 2230 noverunt
962 2162 1114 2253 amplius,
1129 2187 1189 2231 nec
1208 2164 1329 2228 habent

211 2263 334 2318 matum
364 2252 478 2329 fuerit,
503 2266 634 2344 generat
663 2276 750 2319 mor·
790 2250 1166 2343 ultramercedemzquia
1179 2250 1329 2317 oblivioni

212 2353 287 2408 tem.
305 2341 378 2406 Juc.
403 2363 438 2409 1..
454 2343 502 2414 15.
790 2341 905 2406 tradita
942 2354 988 2406 est
1022 2342 1175 2410 memoria
1203 2365 1327 2407 eorum.

790 2429 879 2496 Ibid.
895 2455 926 2533 p.
941 2431 996 2495 5(

836 2517 906 2586 Noli
922 2517 962 2584 de
981 2516 1106 2585 Mortuo
1126 2519 1255 2585 inimico
1274 2531 1331 2585 tuo

791 2606 930 2695 gaudere
949 2608 1068 2683 sciens,
1093 2608 1243 2694 quonibm
1259 2630 1331 2672 om-

257 2691 344 2756 Cs'tm
363 2694 517 2770 tetraonis
533 2692 679 2758 uiuerint
692 2692 752 2760 bo-
792 2719 847 2762 ncs
870 2695 1041 2771 morimur,
1065 2707 1097 2760 et
1122 2695 1155 2758 in
1199 2695 1332 2764 audium

211 2781 403 2847 minorant&
414 2779 598 2860 diluuium,
613 2781 752 2872 sigemu-
792 2782 940 2850 nolumus
968 2785 1084 2850 venire.
1109 2719 1214 2852 uerit.
1238 2786 1269 2851 8.
1296 2786 1328 2850 8.

213 2884 263 2936 ter
277 2883 387 2934 tanuen
398 2867 480 2934 dicit
494 2869 669 2959 Scriptura
680 2887 753 2959 post
837 2872 1010 2940 Numerum
1026 2872 1150 2938 dierum
1162 2885 1194 2938 et
1205 2884 1333 2961 tempus

213 2970 338 3043 tompus
391 2957 618 3046 descriptionis
673 2960 753 3023 vitm
793 2959 881 3026 dedit
899 2959 1184 3048 (hominibus),
1199 2974 1232 3026 et
1243 2960 1333 3027 dedit

213 3044 496 3129 uuiuscujusque:
532 3045 573 3112 Et
609 3057 751 3112 mortuus
794 3046 837 3114 illi
870 3059 1058 3137 potestatem
1089 3072 1227 3126 eorum,
1260 3073 1332 3137 quc

213 3142 271 3196 est.
293 3133 370 3196 Gerr.
390 3153 417 3194 e.
438 3133 468 3195 5.
483 3132 616 3219 plurios.
792 3149 867 3203 sunt
878 3161 972 3224 super
983 3149 1111 3202 terram.
1127 3137 1216 3203 Ibid.
1232 3161 1281 3224 17.
1296 3139 1328 3205 ὅ.

257 3219 297 3282 Et
312 3219 355 3283 eit
370 3218 524 3284 Dominus
540 3221 580 3284 ad
599 3220 748 3310 Moysen:
837 3224 994 3303 Omors,
1029 3231 1123 3314 quam
1150 3250 1257 3292 1111111
1283 3238 1333 3291 ost

213 3305 298 3372 Ecce
328 3313 427 3397 prope
449 3320 522 3372 sunt
549 3307 614 3375 dies
641 3312 752 3378 mortis
792 3313 944 3380 memoria
974 3325 1029 3381 tua
1066 3313 1187 3381 homini
1216 3336 1331 3403 pacem

211 3405 296 3460 tuae:
322 3417 400 3463 voca
422 3395 537 3473 Josue,
562 3409 593 3462 et
616 3410 696 3464 stote
718 3401 751 3465 in
792 3402 923 3466 habenti
953 3401 985 3466 in
1017 3400 1199 3470 substantiis
1234 3401 1329 3468 suis!

210 3481 415 3562 tabernaculo
441 3485 621 3554 testimonii.
650 3487 747 3555 Deut.
791 3489 879 3554 Ibid.
898 3493 952 3568 41.
973 3514 999 3553 1.
1014 3489 1045 3550 V
1046 3490 1100 3555 uta
1112 3493 1212 3558 lours.
1228 3515 1257 3576 7.
1274 3491 1329 3557 50.

210 3569 331 3652 5114.
790 3579 982 3644 ctr.8.2o.
1039 3629 1043 3634 ,

269 3661 317 3726 En
353 3685 411 3754 ego
452 3662 546 3732 hodie
590 3664 751 3750 ingredior
835 3664 1029 3754 Proptereb,
1051 3667 1134 3732 sicut
1154 3691 1332 3756 perunum

208 3748 292 3814 viam
315 3751 466 3816 universae
489 3764 603 3826 terrm,
627 3763 658 3814 et
681 3763 748 3814 toto
791 3750 953 3820 hominem
986 3767 1154 3842 peccatum
1187 3755 1220 3823 in
1245 3756 1334 3824 bunc

208 3837 315 3903 animo
345 3839 567 3929 cognoscetis,
596 3837 681 3924 quod
708 3837 749 3902 de
791 3842 946 3909 mnndum
961 3843 1107 3920 intravit,
1131 3856 1164 3910 et
1178 3868 1236 3933 per
1255 3869 1333 3934 pec-

208 3925 355 3992 omnibus
372 3929 493 4003 verbis,
512 3947 582 4013 quae
594 3924 748 3994 seDomi-
790 3943 896 3996 catum
904 3932 1096 4008 mors,etitt
1110 3932 1142 3998 in
1156 3957 1267 3999 omnes
1275 3934 1331 3998 ho·

207 4013 748 4102 ttuspraestiturumrobisessepolli-
789 4019 891 4084 mines
908 4043 992 4085 mors
1004 4023 1205 4110 pertransiit,
1219 4022 1251 4086 in
1267 4047 1333 4110 quo

208 4102 287 4173 citus
298 4115 550 4189 est,unumnou
560 4103 745 4190 praeterierit
789 4110 1330 4204 omnespeccaverunt.iirm.bra.

233 2470 341 2544 Mors,
358 2487 388 2537 ct
409 2488 514 2538 certus
531 2474 599 2536 dies
613 2473 729 2537 mortis

212 2561 305 2628 unus·
321 2558 450 2628 bomini
478 2561 667 2628 conestabulus
692 2575 747 2626 cat.
