2967 4675
226 303 287 389 ...1.
340 334 345 338 .
463 304 548 369 out.
1037 302 1124 391 ost.

266 427 307 491 lit
332 417 514 487 immolabis
535 416 662 483 hostias*
676 416 768 505 paci-
809 416 908 493 biles,
930 416 1004 505 quia
1024 415 1258 483 offerunturcx
1281 438 1356 483 κε·
1461 462 1462 465 =

223 516 315 587 licus,
332 506 544 595 comedesque
562 504 626 592 ibi,
642 517 767 593 etopu-
809 506 885 573 lcra.
906 503 995 571 Ilici.
1013 529 1066 572 111.
1088 528 1147 593 17..
1264 554 1267 561 .

222 600 454 671 labet-iscoram
466 595 605 662 Domino
615 595 684 659 Deo
696 605 764 659 tuo.
855 594 972 661 Etnoli
988 594 1145 684 inspicere
1160 594 1355 663 sacrificium

227 693 322 761 Dant.
346 710 398 772 ap.
418 709 450 771 7.
476 684 562 749 Vs'dc
581 708 608 749 1.
634 684 711 774 Bag.
737 707 764 748 1.
810 684 988 772 injustum,
1020 683 1172 772 quoniam
1199 684 1357 751 Dominus

223 783 255 859 4.
282 801 310 842 c.
333 799 364 864 9.
395 775 445 840 15.
467 797 495 839 c.
526 775 576 838 18.
598 774 628 837 5.
810 773 991 927 pudcxcst,
1011 772 1293 862 atnonastapud
1316 772 1358 839 il-
1461 808 1462 813 1

261 865 283 933 ·l
316 876 371 929 tur
382 861 539 953 evigilavit
551 860 720 937 Salomon,
737 872 770 926 ct

226 888 420 1030 intellexit,
454 950 539 1040 quod
565 963 647 1016 essct
681 973 770 1015 som·
817 952 865 1017 15.
888 950 975 1015 Victa
1009 952 1199 1031 5194515.

823 885 878 927 um
890 859 990 951 gloria
1027 884 1159 929 cusonae.
1178 862 1283 929 Eccli.
1299 862 1353 928 55.
1461 896 1462 903 ¹

225 1046 315 1111 nium
348 1066 356 1108 ε
384 1047 522 1128 cumque
547 1040 685 1105 venisset
712 1038 771 1104 511-
858 1040 898 1105 Ut
923 1038 1000 1129 quid
1023 1039 1102 1105 mihi
1122 1040 1197 1105 thus
1217 1039 1258 1104 dc
1272 1038 1359 1105 Saba
1461 1066 1462 1077 ¹

224 1131 393 1207 casalem,
424 1129 513 1197 stetit
545 1152 655 1195 coram
687 1126 770 1193 Arca
813 1126 954 1204 allcrtis,
990 1138 1022 1193 ct
1048 1127 1207 1195 calamum
1243 1133 1361 1195 susac·
1461 1134 1462 1143 ’

224 1220 354 1288 foedcris
388 1218 551 1294 Domini,
588 1229 621 1283 et
654 1214 772 1281 obtulit
813 1215 953 1283 olentem
977 1217 1017 1283 do
1041 1222 1125 1281 tenni
1159 1216 1359 1305 longinqua:
1461 1208 1462 1273 l

227 1310 443 1384 holocausta,
466 1320 500 1373 at
525 1305 601 1373 lacit
626 1305 771 1373 victimas
813 1305 1071 1372 holocautomata
1084 1318 1188 1371 vestra
1204 1329 1269 1371 non
1285 1318 1364 1373 sunt

224 1399 395 1491 pacificas,
412 1408 445 1461 et
458 1396 579 1485 grande
591 1396 772 1462 convivium
813 1406 963 1485 accepta,
976 1407 1010 1461 ot
1023 1394 1157 1461 victimae
1169 1408 1280 1460 vestrae
1292 1418 1362 1461 non

226 1487 381 1555 univorsis
395 1485 522 1552 famulis
543 1485 618 1551 suis.
639 1485 669 1549 5.
690 1485 768 1575 llcg.
815 1482 1008 1572 placuerunt
1019 1484 1109 1549 mihi.
1119 1484 1240 1549 Jcrcm.
1254 1484 1284 1548 6.
1306 1507 1360 1550 ao.

227 1572 769 1662 3.15.Vidc.ctc.1.9.ltcma.
817 1573 902 1638 Vide
917 1571 985 1655 Iso.
1016 1594 1043 1637 1.
1075 1595 1124 1637 11.
1152 1588 1367 1659 assequutus

226 1668 256 1733 li
295 1667 462 1731 .15.11.
686 1713 688 1716 -
814 1661 941 1747 1181191).
962 1662 1015 1727 61.
1038 1664 1109 1727 8.c.
1129 1662 1182 1726 66.
1202 1663 1232 1726 5.

256 1690 554 1828 eltcomederunt,
576 1751 774 1817 otbibcrunt
861 1750 941 1816 Clam
964 1750 1198 1841 jejunaverint,
1222 1773 1288 1815 non
1311 1774 1365 1816 cx·

226 1865 336 1909 coram
353 1842 493 1907 Domino
511 1842 543 1905 in
562 1838 685 1905 dioillo
699 1862 773 1905 cum
816 1840 945 1909 audiam
974 1864 1085 1929 preces
1108 1862 1221 1905 corum
1246 1862 1254 1905 :
1280 1852 1315 1905 et
1338 1840 1365 1905 si

227 1930 337 2019 grandi
355 1928 474 1993 latitia.
503 1952 531 1991 1.
549 1927 631 1994 Par.
649 1950 770 2015 1911.
816 1928 992 1995 obtulerint
1013 1920 1274 1995 holocautomata
1295 1978 1304 2004 ‚
1330 1941 1364 1994 at

816 2018 990 2095 victimas,
1014 2039 1079 2083 non
1104 2018 1274 2106 suscipiam
1294 2040 1361 2089 eas

816 2106 965 2193 quoniam
995 2104 1119 2195 gladio,
1141 2118 1173 2171 ct
1202 2106 1304 2180 lamo.
1328 2118 1364 2170 ct

261 2195 564 2262 Factumostautcm
573 2206 646 2282 post
655 2194 774 2261 multos
816 2208 904 2284 pasta
915 2216 1103 2262 consumam
1118 2193 1356 2271 mallatus.

228 2284 315 2361 dics,
340 2296 376 2349 ut
391 2282 523 2352 ollarrct
544 2282 625 2350 Cain
638 2283 679 2350 do
693 2286 775 2352 lauc-
862 2284 987 2350 Hostias
1014 2282 1150 2352 offerant
1173 2334 1182 2360 ,
1214 2280 1366 2348 immola-

228 2375 313 2442 tihus
337 2386 430 2439 tama
459 2381 594 2439 munos-a
618 2375 770 2441 Domino.
817 2373 898 2438 bunt
920 2395 1054 2450 carnes,
1072 2387 1104 2440 ct
1123 2371 1314 2448 comedent,
1331 2383 1365 2438 ct

230 2466 310 2531 Gon.
330 2464 362 2543 4.
386 2462 417 2528 5.
817 2462 973 2529 Dominus
1004 2485 1070 2528 non
1098 2463 1251 2567 suscipiat
1273 2483 1327 2526 aas
1356 2483 1365 2526 t

273 2551 361 2618 Tulit
387 2562 496 2617 autom
521 2549 563 2616 do
587 2551 694 2640 pracda
719 2574 776 2640 po·
817 2573 905 2617 nunc
935 2550 1160 2618 recordabitur
1189 2549 1367 2638 iniquitatis

230 2640 325 2732 pulus
343 2663 418 2708 oves
433 2654 467 2706 ot
482 2641 599 2716 bovas,
618 2641 775 2728 primltias
817 2661 956 2716 corum,
993 2651 1025 2704 ct
1055 2639 1197 2706 visitabit
1232 2649 1366 2728 paccata

231 2753 344 2798 corum
393 2754 440 2802 uas
456 2753 536 2798 caeaa
555 2741 650 2806 sunt,
667 2741 702 2794 ut
717 2730 776 2796 im·
817 2750 950 2794 corum:
971 2727 1029 2816 ipsi
1047 2729 1080 2797 in
1097 2729 1272 2818 AEgyptum
1290 2749 1366 2795 con·

229 2754 693 2888 molaretlominolteosuoin
703 2817 776 2884 Gal·
818 2828 993 2882 vertentur.
1014 2816 1105 2882 Osca
1124 2820 1155 2882 8.
1179 2818 1229 2882 15.

230 2908 320 2998 galis.
346 2932 372 2972 1.
395 2907 473 2997 ch.
499 2907 549 2972 15.
570 2931 624 2972 11.
853 2903 1078 2973 Nonlibabunt
1088 2905 1228 2972 Domino
1241 2906 1366 2981 vinum,

274 2994 475 3062 Saesificium
510 3006 544 3059 ot
579 2993 776 3062 oblationem
818 3007 850 3059 et
866 3017 930 3060 non
945 2993 1118 3082 placebunt
1131 2997 1160 3060 ci
1180 3018 1188 3060 :
1210 2995 1367 3069 sacrificia

229 3083 358 3148 noluisti
373 3106 381 3146 ε
397 3084 776 3173 auresautcmporsccisti
819 3106 931 3148 conum
948 3083 1037 3171 quasi
1053 3085 1143 3172 panis
1164 3081 1365 3174 lugentium,

228 3172 319 3238 mihi.
334 3170 566 3237 Holocaustum
578 3186 611 3236 ct
626 3196 687 3260 pro
703 3197 777 3264 poo-
819 3184 880 3238 stc.
900 3171 920 3236 1
924 3171 990 3237 bid.
1008 3195 1038 3259 9.
1056 3175 1087 3252 4.

229 3273 303 3328 cato
325 3283 390 3325 non
407 3258 583 3349 postulasti.
605 3262 696 3328 Peat.
720 3263 772 3350 59.
866 3259 963 3340 Quod
972 3261 997 3326 si
1008 3259 1369 3348 obtuleritisllsracliu's

231 3374 262 3436 7.
282 3352 313 3415 8.
333 3349 365 3413 V
366 3349 420 3412 ido
434 3350 522 3414 Paul.
543 3351 596 3436 49.
620 3373 652 3437 9.
820 3349 965 3435 loquitur
981 3350 1166 3438 Dominus)
1182 3350 1259 3416 mihi
1278 3349 1368 3416 holo·

276 3437 438 3518 Quoniam
461 3438 486 3504 si
512 3437 662 3504 voluisses
677 3438 778 3506 sacri·
818 3450 1020 3514 cautomata,
1037 3450 1070 3503 ct
1086 3463 1219 3504 munera
1242 3452 1366 3515 vestra,

230 3526 360 3602 ficium,
385 3525 544 3593 dedissem
567 3526 778 3615 11ῐί9119150-
819 3551 883 3592 non
908 3528 1078 3615 suscipiam
1109 3552 1117 3594 :
1147 3539 1180 3594 cl
1201 3539 1274 3594 vota
1298 3529 1369 3617 pin-

230 3615 382 3682 looaustis
401 3635 466 3681 non
482 3615 703 3683 delectaberis.
719 3616 774 3683 Ps.
818 3616 928 3705 guium
958 3629 1135 3684 vostrorum
1167 3641 1231 3682 non
1268 3619 1368 3706 nospi-

233 3707 285 3772 50.
306 3707 355 3770 18.
376 3703 407 3767 V
408 3703 463 3770 ias
479 3704 584 3770 Eccli.
604 3705 657 3785 54.
678 3728 730 3772 11.
818 3706 912 3771 ciam.
923 3706 1039 3772 Amos.
1054 3709 1084 3771 5.
1098 3729 1150 3772 aa.
1166 3705 1364 3774 Vidcllicli.

274 3792 422 3864 Victima
434 3794 607 3884 impiorum
615 3794 778 3858 abomina-
819 3795 850 3858 6.
865 3819 894 3880 7.

232 3882 312 3950 biles
336 3883 475 3949 Domino
498 3907 507 3948 :
525 3897 597 3950 vota
617 3883 776 3973 justorum
863 3883 903 3947 Et
920 3882 1070 3951 intulistis
1087 3883 1127 3948 dc
1143 3885 1264 3972 rapinis
1280 3883 1368 3950 clau-

231 3971 410 4061 placabilia.
419 3972 520 4038 Proo.
540 3976 589 4039 15.
609 3977 641 4039 8.
820 3969 913 4046 dum,
932 3984 964 4038 ct
976 3970 1177 4061 languidum,
1194 3985 1228 4038 ct
1242 3970 1368 4038 intulis-

277 4061 395 4129 Hostiae
417 4061 591 4153 impiorum
609 4061 778 4130 abomina-
820 4060 859 4127 tis
872 4084 1006 4128 munus:
1026 4063 1174 4151 nunquid
1190 4060 1365 4150 suscipiam
1461 4115 1462 4120 ,

302 2064 491 2130 oausam
506 2064 697 2153 amporam.
