2967 4675
347 347 423 416 PSE
934 349 1011 418 PSE
1178 340 1240 446 5,οῇ
1287 359 1291 368 ’

119 459 296 548 Stupebant
326 472 439 528 autem
470 483 582 527 omnes
613 497 655 516 -
699 459 785 526 Vide
817 475 1060 559 totumeepat.
1086 464 1174 534 Item
1197 443 1238 549 ‚4

120 572 210 653 super
237 547 409 638 prudentie
436 563 468 616 et
499 553 656 640 responsis
697 549 727 616 R
767 597 780 655 ⁸.
795 571 844 654 ιο.
864 549 914 638 19.
931 564 1055 654 neapo

64 715 65 720 ἵ
119 637 508 794 ηῗίἰοθιξῖἰοῇιῑιᾟοέἰᾷιῖιο
516 727 656 796 villicum
698 726 744 791 ad
761 637 1242 820 dipididniilaidigeirdddidd
1296 681 1300 687 ¹

119 815 312 904 iniquitatis,
329 817 402 905 quie
418 817 593 906 prudenter
608 820 657 884 ie·
697 814 869 968 prophetat
899 816 997 893 38⁸¹,
1029 832 1062 884 et
1089 842 1131 888 ne
1157 843 1240 888 unus
1329 841 1335 846 ⁴

118 905 231 979 eisset;
270 907 345 995 quin
381 905 438 972 filii
469 905 564 996 hujus
598 932 657 974 sae-
697 904 750 991 qui
774 927 825 970 em
844 904 1028 995 effugiutex
1048 907 1094 973 eis
1125 912 1241 998 (erant
1329 924 1332 931 '

117 993 175 1060 culi
190 994 415 1084 prudentiores
436 993 508 1062 filiis
527 996 606 1063 lueis
622 997 655 1062 in
696 994 788 1058 enim
799 995 874 1059 85ο.
885 996 910 1081 ).
932 994 1021 1074 Quos
1037 1002 1112 1062 edm
1125 1023 1229 1090 eppre

115 1085 314 1172 generatione
332 1089 388 1150 sud
412 1097 495 1151 sunt.
523 1085 656 1154 Ibidem
696 1081 900 1159 hendissent,
921 1081 1009 1148 duxit
1028 1107 1084 1152 eos
1096 1087 1180 1154 Elim
1195 1089 1237 1155 ud

119 1173 161 1236 16.
183 1175 213 1238 8.
314 1201 319 1210 ·
698 1182 872 1236 torrentem
890 1171 1011 1248 Cison,
1035 1185 1068 1238 et
1083 1176 1242 1245 interfecit

696 1282 751 1324 eoe
768 1260 823 1324 ibi.
842 1259 933 1324 Ibid.
957 1265 1006 1326 18.
1027 1263 1081 1341 40.
1106 1266 1192 1330 Vide
1209 1291 1237 1334 e.

235 1354 529 1400 rsnunornoruern.
698 1369 752 1411 ιι,
767 1370 809 1413 o„
820 1349 852 1412 6.
878 1371 927 1412 ιο.
952 1372 1000 1414 12.
1022 1373 1075 1415 nn.
1095 1355 1195 1418 0125.

116 1476 401 1568 Pseudoproptetoe
418 1499 487 1540 unu
501 1492 579 1542 suut
593 1500 656 1542 au-
766 1434 830 1539 Qud
858 1433 976 1540 ‘imipi‘
1002 1437 1105 1524 i¹¹⁸t⁰⁸
1131 1441 1164 1505 5¹¹
1190 1443 1240 1510 ’ἢ

698 1520 802 1599 mult,
819 1547 852 1588 ιο
864 1534 996 1588 ruterrtu
1009 1550 1067 1593 suo
1083 1541 1211 1596 c'orruet
1229 1554 1237 1596 ι

319 1565 444 1632 ‘imi’
697 1623 729 1675 et
751 1611 811 1677 sim
835 1609 910 1677 lices
930 1614 1139 1702 possidebunt
1155 1618 1240 1684 hone

129 1699 186 1766 'Si
217 1697 391 1765 surrexerit
416 1698 449 1763 iu
473 1696 581 1762 medio
608 1698 655 1763 tui
697 1700 778 1788 ejus:
798 1635 898 1765 duee.
920 1704 971 1767 28.
996 1726 1045 1768 ιο.

112 1789 306 1876 prophetes,
339 1798 394 1852 aut
416 1786 470 1875 qui
495 1785 654 1852 somnium
740 1788 797 1856 Vae
815 1789 913 1876 impio
929 1790 962 1855 in
982 1791 1121 1868 malum:
1143 1797 1238 1862 retri-
1278 1786 1282 1793 ’

113 1879 227 1943 vidisse
244 1899 277 1940 se
298 1875 401 1952 dicut,
424 1888 456 1939 et
473 1875 655 1963 praedixerit
695 1877 788 1942 butio
807 1878 893 1942 enim
913 1895 1066 1946 munuum
1087 1883 1156 1971 ejus
1181 1885 1238 1951 iiet

111 1968 239 2054 siguum
264 1976 358 2052 utque
385 1976 590 2052 portentum,
623 1976 655 2028 et
695 1966 735 2030 ei.
769 1965 836 2031 Iso.
868 1967 898 2032 5.
933 1990 982 2034 ιι.
1011 1970 1107 2037 Vide.
1140 1993 1238 2065 eaput

110 2053 257 2119 evenerit
272 2052 357 2142 quod
375 2052 500 2118 loeutus
519 2064 586 2128 est,
621 2064 654 2117 et
697 2057 748 2119 28.
769 2079 798 2142 7.
1211 2130 1214 2134 Α

112 2143 229 2209 dixerit
251 2143 307 2208 tibi
336 2166 344 2208 ι
376 2143 515 2218 Eamus,
542 2153 574 2206 et
601 2165 653 2206 se·
739 2141 960 2231 Speculatores
984 2146 1054 2233 ejus
1071 2149 1147 2215 oaeei
1163 2172 1231 2216 om·

112 2255 245 2320 quamur
270 2231 346 2296 deos
379 2229 527 2307 alienos,
570 2253 651 2318 quos
693 2249 766 2309 nes,
780 2233 962 2299 nescierunt
970 2236 1234 2304 universimunos

114 2321 253 2411 ignoras,
270 2332 302 2386 et
314 2319 486 2387 serviamus
502 2320 568 2386 eis:
585 2343 650 2385 uon
693 2321 792 2396 muti,
809 2345 874 2387 non
885 2320 1026 2389 valentes
1035 2323 1173 2412 latrare,
1192 2328 1235 2395 ri·

116 2411 216 2477 audies
246 2410 342 2475 verba
371 2410 535 2499 prophetae
566 2407 650 2473 illiue
693 2408 803 2475 dentes
829 2434 931 2485 vena,
961 2411 1175 2492 dormientes,
1203 2428 1237 2481 et

116 2512 163 2563 aut
184 2498 387 2565 somniatoris
411 2522 419 2564 ι
445 2499 520 2587 quia
547 2508 650 2563 tentet
692 2510 834 2564 ementes
846 2499 979 2565 somnio.
998 2500 1020 2564 1
1023 2500 1090 2565 tiu.
1110 2504 1163 2567 56.
1182 2528 1231 2569 ιο.

116 2611 163 2653 ros
174 2588 330 2654 Dominus
345 2587 432 2653 Deus
443 2598 565 2663 vester,
583 2598 644 2651 ete.
692 2586 778 2651 Vide
793 2601 823 2650 et
836 2610 870 2651 ο.
891 2610 940 2650 ιι.
1346 2658 1350 2665 ‚

116 2674 201 2743 Dent.
232 2679 282 2743 ι5.
309 2700 336 2743 ι.
360 2690 390 2741 et
409 2698 473 2763 req.
500 2698 568 2763 usq.
588 2672 644 2739 od.
736 2674 861 2739 ldeIrco
887 2672 955 2737 haee
979 2672 1056 2739 dicit
1081 2674 1235 2745 Dominus

117 2788 144 2829 ο.
158 2766 187 2831 6.
692 2762 732 2827 de
758 2760 941 2864 prophetis,
963 2761 1017 2849 qui
1043 2764 1235 2852 prophetent

154 2854 311 2944 Propheta
334 2864 460 2929 autem,
485 2850 540 2940 qui
559 2873 650 2914 arro·
691 2852 724 2916 iu
740 2871 870 2916 nomine
886 2870 978 2925 meo,
1020 2872 1077 2915 uns
1096 2874 1155 2941 ego
1170 2876 1235 2921 non

136 2944 211 3010 antid
253 2944 472 3032 depravatus,
514 2938 649 3005 voluerit
691 2940 783 3016 misi,
801 2938 968 3004 dieentes:
991 2873 1121 3014 (iiadius
1137 2954 1169 3007 et
1185 2944 1231 3010 se-

119 2964 192 3119 ioqui
207 3034 239 3099 in
255 3031 387 3099 nomine
398 3052 491 3105 meo,
531 3050 649 3116 uaeego
690 3052 759 3095 mes
777 3026 919 3093 nouerit
939 3027 971 3091 in
989 3036 1072 3094 terra
1092 3029 1173 3098 hdo:
1196 3033 1233 3101 In

121 3140 173 3186 non
203 3120 343 3212 praeeepi
369 3117 414 3186 illi
444 3131 480 3184 ut
506 3052 646 3192 diceret,
690 3116 795 3206 gladio
823 3129 855 3181 et
889 3116 973 3182 sume
1005 3135 1234 3189 consumentur

122 3222 165 3273 rut
177 3234 214 3277 ex
229 3210 361 3277 nomine
378 3207 555 3274 alienorum
571 3205 646 3271 deo·
690 3230 750 3295 pro
772 3204 854 3270 hetae
872 3204 928 3271 illi.
954 3207 1076 3274 dorem.
1104 3214 1152 3289 ¹4·
1181 3214 1229 3278 ι5.

122 3318 198 3375 rum,
225 3298 448 3367 interficietur.
474 3296 565 3363 ibid.
596 3298 644 3359 18.
691 3230 865 3359 Vidine
889 3296 941 3374 145

124 3404 166 3451 ιο.
181 3390 262 3455 Vide
273 3403 350 3453 eto.
368 3409 419 3452 nn.
736 3381 951 3449 runcinatur
963 3383 1127 3451 Dominus
1144 3402 1234 3452 ‹eter-

178 3475 350 3567 Prophetes
384 3484 492 3539 eutem
520 3468 649 3559 quidam
690 3494 774 3539 num
803 3470 1016 3560 opprobriam
1041 3472 1230 3563 propinetis,

125 3580 205 3629 senex
218 3564 387 3635 habitabat
403 3563 436 3627 in
453 3557 584 3633 Bethel,
609 3558 649 3623 ud
691 3562 749 3647 qui
756 3562 916 3649 populum
926 3560 1112 3650 decipiunt,
1126 3566 1233 3631 voten-

125 3669 205 3733 quem
212 3664 370 3723 venerunt
381 3650 438 3717 ulii
450 3650 518 3727 sui,
536 3660 651 3713 etnur-
691 3666 736 3715 tes
753 3664 788 3713 ut
803 3648 1015 3717 obliviscatur
1031 3673 1150 3717 nenton
1164 3654 1233 3720 Do·

64 3794 65 3803 ,
125 3753 257 3810 urerent
272 3744 303 3810 ei
320 3741 426 3807 omniu
442 3761 556 3829 opera,
580 3760 650 3825 quae
689 3738 800 3812 mini,
831 3753 861 3804 et
887 3736 1084 3827 prophetant
1113 3739 1234 3824 absque

127 3822 229 3898 iecerat
245 3834 295 3899 vir
315 3830 374 3897 Dei
395 3824 447 3895 illu
464 3828 515 3895 die
537 3828 568 3893 iu
587 3828 650 3893 Be-
690 3829 755 3894 Dei
768 3827 955 3901 volentate,
971 3849 1154 3894 sermotiem
1168 3826 1234 3890 Do-

130 3908 186 3980 thu
206 3943 214 3985 ι
237 3935 268 3987 et
290 3919 407 3995 rerba,
429 3941 498 4007 quae
523 3915 650 3984 loeutus
689 3917 780 3981 mini
803 3938 885 3982 onus
906 3916 1114 4003 appellentes.
1139 3911 1228 3976 locu.

131 3998 218 4071 iuerat
244 4010 283 4075 ad
312 4030 419 4097 regem
440 4015 650 4073 narraverunt
692 4030 718 4071 e.
733 4006 783 4070 οδ.
796 4028 856 4093 per
867 4018 980 4067 totum.
994 4003 1026 4063 V
1026 4004 1233 4068 ideettotnm

129 4094 200 4172 petri
214 4120 285 4173 suo,
306 4110 358 4163 ete
375 4096 405 4161 5.
425 4094 500 4183 Reg.
524 4096 572 4160 15.
598 4116 646 4157 ιι.
688 4107 790 4179 ⁴¹eaput
806 4092 857 4153 28.
