2967 4675
336 321 435 404 QtJAE
911 324 986 404 QUI
1176 327 1211 414 'qs

101 435 213 501 fructu
225 431 330 508 illius,
343 431 534 506 etcumedit:
554 431 653 505 dedit·
741 429 844 498 Nolito
866 431 998 496 seduci:
1028 351 1239 523 corrumpuni

100 544 162 610 que
176 519 653 610 virosuo,quicomedit.usr-
695 541 800 586 mores
828 519 931 593 honos
956 518 1114 608 colloquio
1138 520 1233 590 mala.

100 633 154 682 res
170 611 204 676 6.
700 631 726 672 ι.
748 607 824 680 Cor.
845 611 893 674 ss.
913 609 966 674 55.

144 699 241 765 Sicut
255 699 310 786 qui
323 697 385 764 mel
398 697 536 764 muitum
548 721 654 764 come·
737 697 815 764 Non
826 696 1007 768 intendatis
1019 695 1132 764 fabulis
1144 711 1176 773 et
1186 723 1238 790 ge-

101 787 169 864 tit,
187 812 258 853 non
276 801 324 853 est
340 788 369 852 oi
383 787 521 853 honum:
538 788 583 854 sie
599 789 653 876 qui
696 783 846 876 neologiis
865 787 1095 861 interminatis,
1119 799 1180 855 eto.
1206 793 1233 854 ι.

101 889 269 942 serutatur
285 889 332 942 est
343 877 535 965 majestatis,
549 877 654 966 oppri-
698 875 785 940 Tim.
807 899 833 939 ι.
853 877 884 954 4.
906 873 936 936 V
937 875 991 940 ide
1006 891 1061 941 tot.
1079 900 1147 941 vor.

101 979 209 1036 inetur
225 972 245 1030 ὲ
263 964 373 1058 gloriri.
395 968 495 1032 Proo.
525 969 576 1034 25.
597 990 649 1053 ι7.
739 963 774 1029 Si
790 964 859 1050 quis
874 962 967 1039 utitor
987 963 1098 1041 donst,
1120 977 1154 1030 et
1171 988 1236 1030 non

145 1053 321 1124 Nedioas:
342 1054 427 1136 Quid
443 1068 533 1144 putus
550 1079 653 1130 causae
695 1051 870 1140 acquiescit
914 1053 998 1120 sanis
1040 1055 1238 1120 sermonibus

102 1155 168 1220 est,
211 1144 281 1216 uod
299 1143 404 1236 priore
423 1156 566 1238 tempora
582 1169 652 1212 me·
693 1140 824 1215 Domini
842 1141 942 1213 nostri
958 1140 1035 1208 Jesu
1052 1141 1189 1219 Christi,
1206 1155 1239 1208 et

103 1167 317 1311 fiuraiuere,
338 1239 434 1326 quim
454 1257 540 1303 nune
555 1233 652 1300 sunt?
694 1227 1165 1318 ei,quaesocuudt1mpietarem
1176 1243 1237 1307 est,

103 1319 199 1388 stulte
231 1321 323 1399 enim
351 1333 399 1392 est
429 1319 652 1410 hujuscemodi
695 1317 869 1392 doetrinae:
894 1318 1050 1405 superbus
1071 1329 1137 1394 est,
1160 1319 1239 1384 nihii

104 1409 326 1502 interrogatio.
344 1411 467 1479 Erotes.
483 1409 520 1498 7.
539 1435 589 1476 ιι.
695 1406 816 1480 sciens,
830 1405 886 1471 sed
896 1405 1051 1496 languens
1061 1407 1146 1472 ciret
1158 1431 1240 1494 quse

144 1499 278 1576 Altiora,
297 1511 328 1568 te
351 1521 392 1569 ne
415 1499 597 1587 quesieris,
622 1511 654 1564 et
696 1495 835 1569 stiones,
853 1506 886 1558 et
904 1517 1028 1582 pugnas
1045 1494 1238 1570 verborum:

104 1585 240 1660 tortiora
256 1601 287 1653 te
309 1611 349 1660 tte
364 1600 523 1656 scrutatus
536 1587 650 1656 fueris:
696 1607 735 1647 ex
766 1584 881 1671 quibus
911 1582 1059 1648 oriuntur
1090 1584 1237 1662 invidiae,
1305 1627 1309 1632 -

103 1675 157 1746 sed
168 1700 247 1770 quee
260 1675 480 1770 presepittihi
491 1676 590 1752 Deus,
601 1673 654 1741 ills
697 1671 929 1748 contentiones,
938 1671 1156 1761 blasphemio,
1168 1698 1239 1743 sus-

102 1766 208 1852 engite
226 1787 375 1856 semper,
401 1776 433 1832 et
455 1764 487 1838 in
510 1763 654 1858 pluribus
719 1760 838 1826 icionos
856 1760 967 1838 maie,
987 1760 1237 1829 oostttosotionos

103 1853 337 1942 operibuseius
346 1875 386 1926 ne
394 1851 489 1928 fueris
497 1853 650 1927 curiosus.
742 1849 863 1925 minum
877 1861 983 1918 mente
996 1862 1235 1940 corruptorum,

101 1942 213 2007 Eroti.
237 1941 269 2005 5.
292 1963 343 2006 un.
696 1949 757 2011 ete.
776 1937 865 2004 Ittd.
884 1941 914 2004 6.
936 1940 965 2005 5.
985 1941 1239 2028 etseq'Vidsst

149 2028 296 2094 Sedente
308 2039 416 2104 eutem
428 2053 467 2102 eo
483 2029 649 2118 (Cirrr‘sto)
696 2051 723 2092 e.
744 2029 774 2105 4.
796 2052 825 2113 7.

104 2140 204 2205 super
216 2128 361 2183 montem
373 2117 476 2184 oliveti
488 2170 497 2194 ,
515 2142 666 2206 secesse-¹
739 2115 872 2189 Prosens
886 2129 993 2183 autem
1010 2129 1043 2182 et
1056 2117 1236 2224 vaniloquia

108 2217 182 2270 runt
200 2205 244 2270 sd
260 2229 333 2271 eum
345 2207 492 2298 discipuli
508 2215 651 2284 secreto,
695 2204 811 2272 devita:
822 2204 1237 2296 multismenimproiicrunt

109 2293 272 2369 dicentes:
304 2293 363 2363 Dic
388 2298 497 2376 nobis,
525 2297 652 2387 quando
695 2293 735 2361 sd
746 2295 953 2385 impietatem:
964 2308 997 2363 et
1009 2319 1113 2362 sermo
1125 2319 1236 2365 eorum

43 2390 44 2393 ’
109 2382 175 2453 itaeu
201 2386 321 2455 erunti'
358 2386 501 2471 (seilicet
529 2389 653 2453 eversio
696 2396 729 2448 ut
745 2388 993 2475 concesserpit:
1011 2386 1177 2474 exquibus
1190 2394 1255 2451 est'

113 2474 247 2563 tempii,
275 2473 380 2550 tetta,
404 2492 434 2549 et
457 2478 653 2565 persecutio·
694 2474 886 2563 Hymenaeus
897 2472 1089 2547 etPhiietus.
1104 2496 1134 2537 n.
1147 2474 1235 2549 Tim.

113 2565 177 2649 ors)
194 2575 227 2635 et
244 2563 331 2657 quod
353 2563 480 2655 signum
500 2564 652 2638 adventus
696 2585 724 2626 ι.
750 2564 803 2652 16
817 2578 927 2648 etseq.
949 2558 1069 2625 Stultus
1085 2572 1191 2626 autem
1207 2574 1239 2627 et

116 2650 167 2725 tui,
180 2665 211 2717 et
225 2654 510 2733 consummationis
525 2652 653 2721 saeculi?
695 2651 762 2717 sine
782 2647 948 2737 disciplina
970 2647 1159 2736 questiones
1181 2649 1238 2712 do-

115 2736 225 2808 itaut.
247 2744 301 2821 ι4.
321 2742 352 2809 ὅ.
371 2740 457 2814 Item
473 2742 580 2819 Mero.
601 2742 649 2809 ιδ.
695 2740 772 2805 vite:
786 2738 889 2824 sciens
901 2736 975 2832 quia
991 2733 1234 2826 generantlites.

117 2826 143 2901 4.
161 2826 235 2894 Lus.
258 2853 312 2895 nr.
336 2854 365 2915 7.
695 2853 728 2895 o.
751 2828 802 2893 23.
826 2825 1003 2899 Vidoetv.
1029 2826 1077 2910 ι4.

154 2914 335 3013 Litigubant
349 2926 423 3009 ergo
436 2918 456 2983 J
459 2917 540 2985 udaei
551 2917 593 2985 ad
604 2918 654 2983 in·
741 2914 862 2982 Stultos
874 2925 982 2979 nutem
994 2914 1194 3001 questiones,
1207 2928 1240 2980 et

119 3001 231 3087 tieem,
276 3006 447 3091 dieentes:
484 3006 654 3089 Quomodo
696 3003 829 3094 genesio
851 3003 1240 3080 ias‚eteontentiones,et

121 3104 212 3173 potest
227 3096 285 3169 hio
301 3096 393 3165 notis
412 3119 543 3167 earnem
562 3120 653 3163 suam
696 3117 819 3197 pugnas
828 3028 911 3183 iugis
927 3092 1032 3158 devite
1045 3143 1053 3168 ‚
1067 3105 1140 3158 sunt
1151 3094 1237 3160 enim

122 3174 186 3244 dare
201 3184 238 3249 ad
253 3182 540 3251 manducandum?
551 3186 651 3251 loon.
698 3181 846 3260 mutiles,
863 3194 896 3254 et
910 3205 1009 3253 vunae.
1031 3182 1098 3248 Tit.
1114 3182 1145 3249 ὅ.
1161 3208 1193 3271 q.

123 3264 149 3329 ⁶·
166 3270 213 3337 52⁷³.
233 3274 410 3344 Videres.
432 3295 484 3338 ss.
502 3296 623 3341 ess-21.
908 3325 917 3340 .

160 3356 251 3445 Igitur
273 3362 327 3449 qui
346 3374 583 3437 eonvenerunt,
606 3362 656 3427 in-
921 3360 1022 3411 orus.
1120 3376 1124 3383 -

126 3449 180 3509 ten
218 3452 318 3521 abant
331 3474 406 3525 oum
439 3450 553 3523 ,issum
606 3449 656 3515 di·
748 3454 751 3461 '
811 3497 819 3513 .
1158 3496 1165 3513 .

129 3470 237 3609 cmiii:
251 3540 392 3609 Domine
404 3590 413 3615 ,
427 3451 451 3605 ii
466 3538 497 3605 in
513 3454 656 3627 teririore
751 3494 992 3576 mudum
1005 3501 1028 3560 ὁ
1040 3513 1190 3585 imm

130 3611 188 3724 hqq
203 3630 349 3699 restitues
376 3651 511 3717 reguum
536 3628 656 3695 lsroiil?
757 3628 828 3697 Hoe
858 3629 1017 3707 scientes,
1049 3632 1122 3719 quin
1152 3646 1243 3707 vetos

128 3699 201 3782 Duo
219 3731 326 3791 eutem
347 3717 414 3787 eis:
439 3729 575 3789 nonest
600 3742 657 3783 ve·
698 3718 795 3791 homo
819 3732 927 3791 noster
950 3718 1044 3789 simul
1071 3722 1243 3793 crucifixus

130 3802 216 3871 titum
235 3830 329 3879 nosse
353 3818 494 3901 tempora
517 3804 566 3877 vel
586 3831 654 3872 mo·
697 3819 767 3882 est,
786 3822 820 3873 nt
839 3809 1022 3875 destruetur
1034 3832 1149 3898 corpus
1165 3832 1243 3897 pec-

131 3900 235 3967 iltuit,
248 3920 318 3991 quae
334 3896 426 3969 Pater
438 3896 542 3987 posuit
555 3896 586 3963 in
600 3904 654 3961 sut
698 3898 780 3973 cati,
808 3910 839 3963 et
863 3898 945 3985 ultrit
977 3922 1040 3965 non
1068 3899 1243 3963 serviemus

133 3984 280 4117 &it-tinto.
299 3986 412 4053 Actor.
433 4009 459 4050 1.
476 3987 505 4050 6.
524 4012 553 4073 7.
571 3986 657 4053 Vide
698 3999 842 4073 psocuto.
859 3988 952 4050 Rom.
968 3989 999 4050 6.
1015 3988 1047 4051 6.
1064 4010 1125 4077 per
1140 3998 1243 4046 totum

161 4082 208 4128 ‘1²¹-
230 4094 276 4136 tn.
295 4074 326 4137 6.
699 4089 806 4159 eaput.
