2967 4675
346 329 426 399 orn
908 335 1010 401 *ora
1183 360 1242 426 tto

111 435 310 505 eiectionem
322 441 471 507 faciatis:
489 440 659 509 haeoenim
701 455 889 509 sectatorem
910 446 1070 512 honorum
1094 470 1238 537 operum.

112 529 292 605 iacientes,
315 552 380 594 non
402 530 575 619 peccabitis
601 529 660 595 oli·
706 532 771 596 Tit.
783 556 812 597 a.
828 537 879 612 14.
894 532 979 600 Vide
991 550 1127 624 totoop.

110 617 255 701 quando.
277 640 295 681 a
312 617 398 682 Peto.
422 642 449 683 1.
472 641 511 684 to
524 619 556 681 V
556 618 610 684 ido
627 642 655 683 1.
745 619 860 686 Fidelis
875 645 979 687 sermo
995 636 1069 689 ests
1087 636 1119 689 et
1135 624 1175 705 do
1190 624 1241 689 his

109 702 212 767 loon.
230 705 263 769 5.
280 704 311 769 6.
323 704 408 770 Vide
422 703 482 771 sub
497 706 562 772 Ta.
578 706 657 782 lec,
700 706 772 773 volo
794 721 825 774 te
841 709 1030 793 confirmare
1048 735 1056 775 :
1076 723 1110 777 ut
1125 724 1239 779 curent

108 794 267 881 cntempla
289 816 415 868 mam,
439 794 499 880 qai
519 797 658 884 perfecte
699 794 1097 887 bonisoperibuspraeesse,
1128 800 1161 866 ui
1170 823 1238 867 ore-

108 880 336 967 a'mplaeocramt
351 882 462 971 legero.
700 884 779 950 dont
793 886 871 953 Deo.
893 885 982 953 lota.
1003 889 1033 953 5.
1055 890 1087 954 8.
1105 824 1236 955 discant

149 966 351 1056 Omnis,qui
363 981 455 1034 natus
466 980 514 1035 est
524 993 563 1035 ex
574 970 655 1046 Deo,
699 985 804 1038 antem
820 987 852 1040 ct
866 976 965 1041 nostri
980 976 1072 1041 bonis
1087 977 1236 1065 operibus

105 1067 285 1141 peccatum
305 1080 370 1122 non
385 1058 461 1124 iacit
478 1081 487 1123 ε
504 1059 655 1145 quoniam
697 1083 831 1150 praeesse
841 1063 882 1128 ad
898 1079 971 1129 usus
983 1066 1187 1143 necessarios,
1201 1078 1237 1131 ut

105 1166 223 1211 semen
242 1144 342 1232 ipsius
362 1146 395 1211 in
418 1170 457 1211 eo
472 1159 599 1223 manet,
622 1159 655 1212 et
697 1173 763 1215 non
779 1151 841 1217 sint
856 1152 1053 1219 infructuosi.
1068 1177 1102 1217 ο.
1125 1156 1173 1233 14.

106 1254 170 1296 non
196 1243 306 1321 potest
327 1257 482 1321 peccare,
503 1236 653 1323 quoniam
744 1239 784 1303 Ut
811 1262 875 1305 non
898 1240 1007 1329 segnes
1030 1240 1234 1317 efficiamini,

104 1341 143 1382 ex
158 1321 233 1387 Deo
245 1333 407 1388 natusest.
430 1346 459 1391 1.
472 1323 561 1387 Jaon
573 1325 603 1389 5.
618 1347 649 1411 9.
697 1330 808 1391 verirm
834 1328 1007 1393 imitatores
1029 1351 1160 1403 eorum,
1182 1330 1235 1416 qui

105 1408 136 1469 V
138 1408 198 1475 ide
210 1434 239 1476 c.
255 1411 287 1475 5.
307 1412 369 1476 18..
698 1413 763 1477 fido
782 1425 814 1477 ct
835 1415 984 1516 patientia
1005 1414 1238 1481 hereditabunt

698 1501 935 1588 promissiones.
951 1500 1090 1567 flebas.
1111 1524 1160 1566 11.
1197 1499 1208 1525 '

744 1588 786 1651 Et
801 1588 1037 1655 consideremus
1056 1589 1191 1655 invicem
1206 1590 1238 1656 in

149 1679 328 1746 Jamcnim
339 1679 506 1746 securisad
516 1678 658 1745 radicem
700 1676 960 1762 provocationem
970 1677 1127 1753 caritatis,
1140 1679 1239 1743 etho-

100 1768 270 1833 arborum
307 1768 409 1853 posita
445 1778 504 1831 est.
547 1766 659 1833 Omnis
701 1764 1233 1851 11016111ορο1111ο.161’ά.,1ο.14.

100 1861 195 1941 ergo
207 1856 316 1929 arbor,
328 1878 397 1941 qum
408 1877 474 1919 non
486 1855 562 1920 facit
575 1855 658 1921 fruc·
746 1850 924 1929 carissimi,
942 1854 1073 1921 obsecro
1097 1876 1151 1921 vos
1169 1866 1231 1923 eto.

101 1954 189 2005 tum
210 1941 352 2018 bonum,
377 1942 553 2017 excidetur,
583 1954 615 2008 ot
623 1943 656 2008 in
698 1940 1135 2009 abstinerevosdoarnalihus
1150 1942 1235 2009 desi-

100 2030 225 2117 ignem
242 2030 576 2100 mittetur.Mattlt..⁷o.
599 2052 648 2096 1ο.
697 2028 793 2093 dariis
814 2049 858 2077 -ὲ
882 2031 1150 2097 conversationem
1176 2054 1232 2098 ve-

103 2118 203 2182 llem
216 2116 287 2183 Lao
302 2119 332 2182 5.
375 2164 383 2183 .
694 2128 793 2181 stram
805 2116 888 2195 inter
897 2131 1004 2207 gentos
1015 2118 1233 2185 habentesho-

149 2205 212 2271 Sic
225 2203 331 2271 luccat
348 2142 402 2271 iux
420 2219 520 2271 vestra
542 2229 651 2273 coram
694 2227 789 2279 nam,
807 2217 841 2269 ut
861 2244 904 2255 —-
919 2228 958 2275 ex
973 2208 1064 2273 bonis
1083 2208 1233 2297 operibus

105 2292 312 2371 hominibus,
340 2294 528 2361 strideant
553 2318 649 2384 opera
693 2315 749 2360 vos
775 2294 1023 2373 considerantes,
1054 2294 1232 2385 glorificent

105 2395 214 2448 vestra
227 2384 332 2460 bona,
349 2383 574 2472 etglorificent
588 2384 651 2449 Pa·
693 2382 808 2449 Deum.
839 2407 866 2449 1.
887 2386 974 2451 Patr.
1000 2407 1030 2450 a.
1054 2408 1107 2460 11,
1125 2401 1232 2470 etseq.

105 2481 190 2536 trem
207 2482 365 2549 vestrum,
377 2473 432 2559 qui
442 2473 475 2538 in
486 2471 574 2539 coelis
588 2485 646 2539 est.
694 2470 817 2538 Video.
840 2495 867 2536 1.
877 2495 936 2559 per
947 2488 1061 2538 totam.

105 2557 197 2624 Ibid.
218 2562 319 2626 5.16.
736 2558 883 2635 Fratres,
906 2560 1004 2648 magis
1028 2558 1177 2646 satagite,
1199 2571 1235 2622 ut

147 2648 321 2714 Sicomnis
333 2649 519 2715 arbor-bona
528 2649 650 2715 fructus
691 2647 845 2734 perbona
856 2669 953 2734 opera
964 2658 1087 2712 certam
1098 2657 1234 2710 vestram

105 2733 212 2801 bonos
226 2736 303 2803 facit
319 2761 327 2802 :
342 2736 425 2802 mala
437 2749 544 2802 autom
555 2737 651 2802 arhor
693 2735 892 2802 vocationem
903 2745 935 2799 et
945 2731 1234 2800 electionemfaoia·

108 2824 211 2890 maios
225 2825 446 2891 fructuarios.
465 2825 536 2892 Non
548 2836 650 2912 potest
693 2823 743 2888 tis.
765 2844 794 2888 ο.
809 2824 897 2888 Patr.
917 2844 945 2886 1.
965 2844 1014 2886 1ο.

110 2913 208 2978 arhor
228 2913 314 2979 bona
335 2911 436 2980 malos
458 2914 581 2979 fructus
600 2914 649 3014 sti
694 2955 724 3020 0
818 2955 903 3018 bom
1155 2953 1163 2970 ·
1213 2953 1236 3019 d

109 3023 181 3067 cere
196 3025 206 3066 ε
224 3025 329 3089 nequo
340 3002 437 3068 arhor
450 3000 534 3066 mala
549 3000 650 3066 honos
721 2977 803 3044 pm
889 2968 1211 3108 mzngmmmma

111 3089 234 3156 [nictus
263 3090 378 3155 facere.
418 3088 508 3154 lata.
536 3114 567 3175 7.
597 3112 645 3175 ¹7·
965 3148 969 3154 .
1028 3089 1035 3106 '

115 3180 158 3244 18.
178 3177 306 3243 Video.
329 3199 379 3243 aa.
397 3179 450 3244 55.
466 3175 554 3244 Item
566 3176 647 3242 Lao.
737 3174 775 3240 si·
787 3175 871 3240 enim
893 3172 1072 3240 dimiseritis
1094 3172 1233 3240 homini-

112 3265 140 3329 6.
158 3267 216 3344 45.
693 3262 752 3326 bus
761 3274 891 3349 peccata
903 3285 1014 3328 corum
1029 3286 1037 3328 :
1052 3262 1190 3326 dimittet
1201 3275 1234 3327 et

152 3353 262 3419 Creati
282 3355 443 3440 (monas)
462 3354 496 3418 in
522 3351 650 3418 Christo
693 3350 782 3414 vobis
798 3351 892 3416 Pater
908 3363 1009 3416 vester
1024 3347 1158 3416 coelestis
1174 3349 1232 3415 de-

117 3437 190 3505 iesa
210 3443 245 3506 in
266 3442 414 3528 operibus
439 3441 552 3516 bonis,
579 3463 649 3527 quas
694 3437 888 3504 lictorestra.
901 3437 934 3502 si
946 3450 1125 3503 autemnon
1138 3437 1232 3504 dimi-

117 3530 408 3614 praepsravitDeus,
421 3527 650 3594 utinillisarn-
693 3525 795 3590 seritis
818 3525 999 3592 hominibus
1024 3549 1032 3590 :
1054 3548 1114 3590 noc
1142 3526 1234 3594 Pater

118 3613 397 3707 helemosldpheo.
414 3615 647 3682 a.1o.Vidcr.
693 3626 797 3682 vester
823 3613 959 3680 dimittet
984 3613 1074 3679 vobis
1100 3628 1249 3701 peccata·

120 3701 203 3770 Tim.
219 3706 318 3777 6.,18.
693 3712 806 3768 vestra.
821 3701 940 3767 Mattio.
956 3703 987 3767 6.
1012 3705 1060 3782 14.
1085 3703 1133 3768 15.
1146 3703 1177 3765 V
1180 3704 1233 3766 ida

158 3795 171 3879 (
177 3792 343 3882 caretas)
354 3793 440 3859 dedit
448 3792 650 3881 semetipsum
693 3815 721 3856 o.
746 3793 794 3856 18.
816 3791 867 3856 55.
886 3791 990 3856 nacti.
1008 3793 1059 3856 28.
1080 3814 1106 3854 1.
1121 3803 1229 3870 etseq.

112 3901 165 3968 pro
179 3881 650 3959 nohis,utnosrodimeretab
692 3879 797 3947 Maro.
822 3902 870 3944 11.
892 3881 943 3944 25.
978 3963 980 3968 ,
1166 3957 1173 3972 ·
1201 3957 1207 3973 ι

112 3973 194 4036 ο11111ἱ
223 3971 410 4059 iniquitate,
426 3982 459 4036 et
479 3969 651 4037 mundaret
731 3967 808 4050 ‘Non
828 3966 949 4041 omnis,
967 3965 1020 4053 qui
1041 3960 1117 4028 dicit
1132 3955 1230 4058 maha,

111 4057 168 4126 siti
201 4060 358 4150 populum
395 4058 649 4146 acceptabilem,
695 4055 850 4129 Domine,
874 4052 1026 4128 Domine,
1054 4041 1185 4114 intrabit
1198 4065 1234 4120 111

126 1548 245 1636 Opera
256 1548 631 1613 boraacommcndoatcr.
