2967 4675
210 307 275 413 iao
443 331 516 397 ιιιι
961 397 967 408 ,
1030 331 1105 399 arn

209 445 277 509 ausi
296 444 441 530 persequi
458 441 650 509 recedentes.
672 443 751 507 Gen.
797 441 866 516 die,
882 453 915 504 et
930 465 993 506 non
1009 442 1121 507 credes
1137 443 1210 508 vitae
1222 456 1286 508 tua.
1304 467 1344 508 υ.

212 533 263 598 55.
282 533 310 595 5.
800 531 853 595 65.
869 531 922 594 66.
939 531 1065 595 Video.
1084 533 1138 618 67.

246 619 424 684 ‘Terrorem
446 641 554 684 meum
577 621 702 684 mittam
724 621 756 684 in
844 617 946 694 Novi,
969 619 1054 706 quod
1076 619 1238 686 Dominus
1254 619 1352 683 tradi-

208 729 406 798 praecursum
427 719 539 782 tuum,
559 719 592 773 ot
611 707 757 774 occidam
799 705 882 771 derit
897 705 987 771 vobis
1002 719 1120 776 terrum
1139 710 1150 796 (
1167 710 1220 772 ait
1237 707 1355 773 natat

210 819 338 863 omnem
356 795 530 884 populum,
550 795 590 860 ad
602 820 697 885 quem
711 796 759 861 in·
798 794 1059 882 exploratoribus
1080 795 1196 883 Josue)
1213 797 1358 861 :etenim

209 884 386 974 gradieris:
415 896 670 973 cunctorumque
701 884 759 948 ini·
800 884 891 948 irruit
913 885 946 947 in
974 907 1032 947 nos
1053 897 1155 950 terror
1171 896 1300 958 vester,
1325 896 1359 950 et

209 975 366 1038 micorum
375 984 618 1038 tuorumcoram
627 986 658 1036 te
670 985 757 1062 terga
800 970 1010 1060 elanguerunt
1025 996 1136 1039 omnes
1153 973 1358 1038 habitatores

207 1074 340 1127 vertam.
357 1062 465 1126 Emori.
484 1063 534 1130 25.
552 1085 603 1148 27.
626 1061 712 1126 Vide
727 1086 755 1131 c.
800 1073 902 1125 terrae.
917 1059 1056 1125 losum.
1072 1087 1102 1165 q.
1128 1081 1132 1086 ’

214 1152 265 1221 ι5.
286 1151 336 1217 16.
844 1149 884 1213 Et
897 1148 1099 1216 conturbavit
1118 1173 1174 1216 eos
1191 1149 1358 1216 Dominus

255 1239 296 1304 Et
311 1238 364 1326 qui
378 1238 759 1314 devobisromanserint,
805 1237 953 1324 (scilicet
976 1240 1118 1326 quinque
1136 1263 1229 1329 reges
1255 1263 1364 1326 eapu-

211 1329 296 1394 daho
317 1350 467 1416 pavorem
485 1327 517 1391 in
536 1325 686 1393 cordibus
708 1349 761 1392 eo·
800 1342 939 1420 gamatus
969 1326 1129 1414 Gabaon)
1153 1334 1170 1390 a
1195 1327 1285 1392 facie
1312 1327 1365 1392 Is·

212 1441 285 1482 rum
295 1417 328 1481 in
341 1414 668 1510 regionibushostium
681 1428 761 1492 ,ter-
802 1414 868 1480 rutil
880 1439 888 1480 t
902 1415 1115 1502 contrivitque
1130 1415 1224 1503 plaga
1237 1440 1363 1505 magna

211 1507 294 1571 rebit
303 1529 357 1570 eos
370 1505 490 1569 sonitus
498 1503 757 1576 foliivolitantis;
803 1504 836 1568 in
860 1503 1016 1580 Gabaon,
1041 1527 1079 1570 ac
1101 1516 1293 1592 persecutus
1311 1517 1364 1570 est

214 1609 247 1659 et
269 1596 310 1658 itit
338 1594 459 1680 lugiunt
481 1594 570 1681 quasi
593 1593 759 1682 gladium:
803 1613 858 1658 eos
878 1615 936 1682 per
964 1593 1046 1658 viam
1075 1616 1225 1668 ascensus
1254 1593 1359 1656 Betb-

212 1681 327 1748 cadent
337 1732 346 1758 ‚
357 1679 445 1746 nullo
457 1693 666 1776 persequente
678 1733 686 1758 ,
696 1694 758 1750 otc.
804 1680 907 1745 horon
917 1692 965 1756 ,et
973 1675 1130 1769 percussit
1138 1687 1239 1772 usqne
1251 1683 1361 1746 Azeca

210 1769 315 1836 Levit.
339 1770 390 1833 ι6.
409 1771 461 1834 56.
693 1821 696 1829 ,
805 1781 836 1836 et
852 1769 992 1834 Macedo.
1011 1769 1102 1834 lttd.
1123 1793 1171 1835 ro.
1196 1771 1247 1836 io.
1268 1771 1360 1836 Vide

255 1855 358 1921 Hodie
381 1857 532 1945 incipiam
554 1859 680 1924 mittere
697 1871 763 1923 ter·
804 1857 917 1923 ludio.
937 1861 969 1937 Δ.
994 1861 1042 1924 ι5.

211 1967 318 2010 rorem
343 1957 438 2032 atque
454 1943 657 2031 formidinem
674 1960 762 2012 tuam
850 1946 964 2012 Omnia
982 1947 1089 2034 itaque
1105 1959 1210 2014 eastra
1227 1947 1357 2012 turbata

212 2033 246 2098 in
277 2030 437 2120 populos,
463 2031 516 2119 qui
541 2032 687 2106 habitant
702 2034 761 2100 sub
806 2047 899 2110 sunt,
917 2048 949 2102 et
964 2035 1174 2104 vociferantes
1196 2036 1360 2122 (Modio-

211 2122 299 2186 omni
324 2116 404 2186 coelo
421 2143 429 2184 :
447 2131 482 2184 ut
499 2119 609 2185 audito
632 2123 762 2192 nomine
806 2125 906 2210 niue)
948 2120 1170 2211 ululantesque
1205 2125 1359 2213 fugerunt

210 2223 266 2274 tuo
300 2207 474 2295 (Israel),
497 2220 648 2295 paveant,
672 2222 704 2274 et
730 2210 763 2275 in
810 2213 1125 2303 (scilicetttgludio
1141 2213 1223 2286 Dei,
1244 2229 1276 2276 et
1296 2213 1357 2276 Ga

209 2319 333 2363 morem
367 2296 610 2386 parturientium
640 2310 765 2365 contre·
807 2301 938 2392 daorsis)
953 2299 1353 2376 ‚etnibilominusinsiste-
1456 2299 1458 2309 '

211 2386 349 2452 miscunt
361 2394 378 2463 ,'
394 2399 426 2452 et
445 2384 557 2451 dolore
580 2399 760 2457 teneantur.
805 2391 884 2453 bant
899 2390 1034 2455 trecenti
1049 2390 1109 2455 viri
1122 2387 1262 2455 buccinis
1275 2412 1356 2477 pera

213 2476 359 2541 Denta.
382 2478 432 2541 25.
722 2492 726 2501 ’
806 2478 1355 2564 sonantes,etc.ludie.7.ur.na.

259 2562 371 2631 Nullus
384 2564 479 2629 stabit
491 2576 603 2630 contra
615 2577 764 2630 voszter-
851 2564 989 2642 Factum
1006 2576 1180 2632 est'autem
1199 2572 1276 2632 cum
1297 2566 1359 2632 Sa-

213 2678 321 2719 rorem
342 2666 482 2719 vestrum
505 2665 536 2719 et
561 2652 764 2731 formidinem
806 2653 1361 2732 muelofferretbolocoustumfflbi-

213 2743 304 2807 dabit
325 2742 480 2809 Dominus
500 2742 584 2807 Deus
600 2754 765 2808 vestersu-
806 2742 939 2811 listbiim
954 2743 1055 2818 iniere
1076 2743 1221 2833 praelium
1245 2756 1359 2809 eontra

212 2854 270 2919 per
286 2855 416 2897 omnem
432 2844 570 2905 terrum,
588 2836 685 2917 quain
702 2829 764 2897 ca'l·
808 2831 923 2897 lsrael:
950 2832 1089 2901 intonuit
1112 2844 1223 2898 autem
1250 2832 1361 2897 Domi·

213 2920 317 2983 caturi
338 2920 432 2992 estis,
458 2919 539 2982 sicut
562 2916 688 2988 locutus
716 2931 765 2985 cst
806 2944 866 2985 nus
889 2922 935 2985 ira
959 2944 1014 2985 ore
1036 2922 1206 3011 magnoin
1229 2921 1282 2987 die
1306 2920 1361 2987 itta

216 3006 319 3069 vobis.
347 3005 435 3069 lttct.
457 3028 505 3069 ιι.
527 3006 577 3070 25.
806 3032 901 3097 super
924 2944 1134 3085 Pbilisthiim,
1155 3022 1187 3075 et
1203 3012 1364 3075 exterruit

250 3090 477 3180 Videbuntque
486 3108 763 3172 omnesterrarum
806 3121 880 3174 eos,
897 3109 929 3162 et
944 3099 1017 3163 caesi
1029 3105 1136 3163 sunta
1153 3099 1235 3164 facie
1248 3098 1358 3164 lsrael.

214 3178 346 3268 populi;
380 3181 466 3267 quod
496 3206 612 3248 nomen
635 3186 764 3251 Domini
812 3187 934 3277 ηὼς.
952 3212 982 3273 7.
1007 3209 1055 3258 ιο.
1073 3188 1159 3253 Vide⁴
1175 3191 1205 3266 l.
1224 3188 1302 3277 [leg.
1322 3212 1355 3271 7.

214 3270 397 3335 invocatum
424 3270 464 3335 sit
488 3294 582 3359 super
605 3283 655 3349 te,
677 3286 710 3338 et
729 3274 765 3337 ti·
807 3276 839 3340 6.

110 3348 115 3368 “
213 3358 760 3451 ιιιθΙιιιιιΗθ(Ιιι·αέί).Ι6ἰά.ι8.
850 3365 890 3428 Et
913 3375 1137 3452 percusserunt
1166 3364 1361 3451 (Aeacon

218 3470 266 3513 ιο.
284 3446 611 3537 Ingentibusquoque
627 3449 687 3516 illis
699 3474 763 3516 non
806 3455 900 3539 suis)
927 3453 1069 3518 civitates
1087 3475 1201 3518 omnes
1222 3476 1282 3541 per
1302 3454 1363 3519 cir·

212 3536 381 3621 quiesces,
413 3560 518 3624 neque
548 3538 608 3603 crit
640 3542 765 3629 requies
806 3541 931 3607 cuitum
945 3540 1365 3631 Geraraezgrandisquippe

213 3624 347 3711 vestigio
358 3624 448 3713 pedis
461 3626 507 3694 tui
525 3625 688 3713 (louet).
703 3630 766 3695 Da·
806 3642 941 3696 cunctos
951 3630 1363 3717 terrorinvaseratlAEtltio-

213 3713 261 3776 bit
285 3714 371 3777 enim
391 3714 449 3787 tibi
468 3715 625 3780 Dominus
648 3716 691 3781 ibi
707 3740 765 3784 cor
805 3721 880 3811 pes)
899 3744 907 3784 ι
926 3730 958 3784 et
977 3718 1180 3806 diripuerunt
1196 3718 1316 3795 urbes,
1332 3732 1365 3785 et

213 3800 383 3891 pavidum,
397 3802 622 3884 etdelicieptes
631 3805 763 3881 oculos,
806 3806 940 3884 multam
951 3808 1092 3895 praedam
1101 3821 1359 3895 asportaverunt.

110 3952 112 3959 ,
213 3904 245 3956 et
273 3890 411 3957 animam
435 3903 655 3981 consumptum
683 3917 764 3959 moe-
808 3920 837 3961 a.
862 3896 1286 3977 Por.14.rl.Videeto.
1312 3921 1358 3962 ιι.

214 4004 287 4045 rore
304 3979 430 4045 :eterit
446 3981 508 4046 vita
521 3994 574 4047 tua
588 3982 677 4071 quusi
688 4006 764 4071 pen·
806 3983 924 4050 ltemo.
942 4008 990 4072 ¹7·
1014 4009 1064 4050 ιο.

214 4064 293 4131 dens
309 4081 383 4135 onte
399 4081 442 4133 te.
462 4067 603 4137 Timebis
621 4085 717 4138 nocte
731 4084 764 4137 et
852 4074 946 4138 lrruit
975 4086 1081 4139 nutem
1102 4096 1204 4161 pavor
1226 4074 1358 4139 Domini
