2967 4675
337 310 415 377 sur
923 310 1001 379 sur
1167 310 1232 397 asa

96 422 247 509 riualis.
267 446 319 509 ²7·
347 450 395 489 ιο.
422 427 509 491 Vide
532 452 559 491 e.
590 452 640 515 29,
732 426 964 493 Audivimussu
987 423 1228 490 erbiamlluab:

95 516 202 592 4:1²⁰·
247 535 251 544 '
686 516 843 605 superbus
856 530 937 582 ests
969 510 1231 579 detsublimita-

138 602 202 676 Ait
218 601 380 666 Babsaces
400 606 530 669 nuntiis
549 607 642 670 suia:
688 603 1228 693 tem-ejus‚etarrogantiam,etsn-

95 691 168 757 llaec
176 690 295 757 dicetis
307 691 452 761 Ezechiae
462 694 528 781 regi
537 694 643 770 Judae,
687 695 833 783 perbiam
846 745 855 771 ,
872 705 904 759 et
916 691 1115 758 altitudinem
1127 688 1232 756 cordis

95 778 267 867 loquentes
297 803 305 843 ε
340 780 410 846 Non
442 794 474 857 te
506 782 577 849 deci
601 784 645 849 iat
686 783 781 871 ejus,
800 796 862 849 ete.
881 782 902 849 I
906 782 972 847 bid.
998 783 1051 859 48.
1074 802 1125 867 ²9·
1147 778 1178 841 V
1179 778 1232 842 ide

93 868 288 943 baustum,
305 869 337 933 in
349 892 414 956 quo
429 882 465 939 tu
484 806 642 949 curaliis,
685 897 719 938 u.
738 874 790 939 eli.
806 874 897 937 erbo.

93 956 206 1023 dicens
234 956 335 1024 :Nou
358 956 487 1027 dabitur
510 961 643 1027 Jerusa-
731 960 920 1049 drrogantia
944 971 998 1023 tua
1021 956 1148 1047 decepit
1176 968 1230 1031 te,

93 1044 155 1111 lem
167 1047 203 1111 in
214 1070 316 1113 mauu
328 1048 412 1135 regis
426 1047 639 1138 Assyriorum.
686 1063 719 1116 et
731 1050 879 1140 superbia
897 1047 1002 1115 cordis
1014 1046 1060 1109 tui
1080 1070 1087 1110 :
1103 1046 1157 1133 qui
1170 1044 1229 1109 ha-

92 1134 644 1222 14457.ιο.1ιιωαιιιιεεινοηιιιι
686 1139 768 1206 bites
787 1140 819 1205 iu
836 1137 979 1203 cavernis
995 1146 1113 1225 petre,
1130 1145 1162 1197 et
1177 1158 1230 1222 ap·

93 1236 225 1289 tuorum
238 1226 437 1314 exprobrasti
450 1228 587 1293 Domino
607 1230 645 1312 (o
687 1227 891 1317 prehendere
909 1224 1018 1292 niteris
1031 1221 1231 1289 altitudinem
1266 1298 1273 1310 ·

91 1312 375 1399 Sennacherib),
403 1326 436 1379 et
458 1315 586 1381 dixisti:
611 1318 644 1380 in
687 1315 805 1381 collis:
829 1322 904 1381 ciam
934 1312 1120 1378 exaltareris
1142 1310 1231 1398 quasi

35 1431 36 1500 9
92 1401 543 1491 multitudinequadrigarum
556 1428 645 1469 mea·
688 1403 792 1491 aquila
813 1404 926 1468 nidum
945 1414 1057 1477 tuum,
1076 1399 1151 1465 inde
1174 1397 1231 1465 de-,

35 1501 36 1532 r
94 1514 166 1555 rum
197 1514 261 1579 ego
287 1492 417 1557 ascendi
444 1490 645 1557 altitudinem
686 1486 1228 1569 trabamtc,dicitDominus.Ilid.

94 1580 646 1669 montium,jugaLibanizetsucci·
687 1586 740 1669 49.
766 1582 814 1646 16.

94 1667 168 1733 dam
199 1666 326 1733 excelsa
349 1669 523 1735 cedrorum
550 1670 644 1756 ejus,
732 1672 772 1735 Et
793 1670 887 1736 cadet
908 1668 1082 1757 superbus,
1100 1678 1133 1732 et
1156 1688 1230 1731 cor-

94 1770 124 1820 et
140 1756 266 1823 electas
283 1758 405 1822 abietes
417 1756 522 1833 illius,
547 1772 580 1824 et
599 1760 646 1823 in·
689 1772 780 1835 ruet,
803 1771 835 1825 et
858 1783 923 1824 non
943 1759 1004 1824 erit
1047 1757 1076 1822 ui
1098 1755 1230 1823 suscitet

35 1851 36 1868 ¹
93 1847 202 1911 troibo
226 1844 430 1911 altitudinem
453 1850 645 1917 summitatis
687 1872 772 1914 cum.
787 1847 877 1913 Jttd.
895 1849 946 1913 50.
961 1782 1160 1913 dell'idw.
1173 1844 1226 1909 51.

90 1935 180 2019 ejus,
194 1932 315 1999 saltum
323 1934 463 2001 Carmeli
473 1937 543 2024 ejus
555 1989 563 2012 ,
577 1949 640 2003 etc.
733 1939 817 2003 Ecce
832 1937 901 2003 haec
921 1938 977 2003 fuit
999 1934 1146 2023 iniquitas
1168 1932 1229 1999 So-

90 2048 123 2087 o.
147 2025 202 2101 sd.
221 2022 254 2081 V
255 2023 350 2090 ideo.
365 2048 428 2111 seq.
442 2049 509 2113 tuq.
521 2027 568 2091 ad
578 2026 640 2115 fin.
687 2026 790 2091 domae
815 2028 933 2092 sororis
954 2038 1037 2091 tuae:
1057 2022 1230 2112 superbia,

137 2111 280 2177 Laetatus
297 2126 345 2177 rst
360 2126 468 2178 autem
488 2139 584 2203 super
599 2116 645 2181 eis
686 2116 834 2181 saturitas
847 2117 954 2205 panis,
971 2127 1003 2179 ct
1013 2112 1229 2185 abundantia,

97 2200 263 2281 (nuntiis
297 2203 384 2292 regis
418 2204 640 2294 Babylonis).
686 2216 718 2269 et
749 2206 851 2271 otium
878 2206 1000 2293 ipsius,
1029 2216 1060 2268 ct
1090 2200 1229 2275 filiarum

93 2288 269 2365 Ezechias,
287 2290 645 2362 etostenditoiseellam
686 2294 755 2382 ejus
775 2319 783 2360 :
802 2307 833 2359 nt
845 2317 978 2360 manum
990 2316 1090 2382 egeno
1106 2304 1138 2356 et
1154 2313 1231 2379 pau-

93 2391 296 2456 aromatum,
309 2393 341 2446 et
354 2384 495 2470 argenti,
508 2385 643 2461 etauri,
686 2385 754 2472 peri
774 2408 839 2450 non
865 2382 1082 2472 porrigebant.
1109 2379 1225 2444 Ezeclr.

95 2478 126 2530 et
164 2468 473 2546 odoramentorum,
518 2485 550 2537 et
582 2497 645 2538 un·
692 2475 742 2537 rb.
762 2477 815 2560 49.
838 2473 967 2536 Video.
988 2472 1039 2536 56.

96 2558 204 2644 guenti
227 2559 363 2645 optimi,
383 2573 416 2624 et
438 2583 549 2626 omnes
565 2585 645 2650 apo·
731 2560 793 2626 Fili
820 2561 983 2634 hominis,
1014 2557 1067 2621 dic
1092 2555 1229 2644 principi

95 2643 202 2711 thecas
215 2646 423 2736 supellectilis
436 2673 500 2714 suas
511 2701 521 2726 ‚
534 2663 567 2715 et
577 2650 644 2717 uni·
687 2649 764 2738 Tyri
776 2673 783 2713 :
795 2649 870 2714 llaec
880 2647 1119 2713 dicitllominns
1132 2645 1228 2708 Deus:

94 2737 409 2825 versaquaeinvonta
427 2740 554 2804 suntin
572 2739 645 2804 the-
688 2741 735 2804 Eo
772 2736 857 2825 quod
896 2735 1055 2802 elevatum
1094 2743 1140 2798 est
1176 2755 1234 2796 cor

100 2825 298 2914 saurisejus.
317 2827 594 2916 Scdmalefccit,
618 2844 648 2893 et
689 2841 804 2901 tuum,
832 2838 865 2892 et
895 2825 1030 2892 dixisti:
1055 2824 1140 2888 Deus
1173 2843 1232 2909 ego

96 2935 226 2996 penam
254 2914 368 2992 subiit.
401 2915 490 2982 Ibid.
525 2919 577 3006 59.
614 2941 648 2983 a:
689 2940 781 2992 sum,
806 2928 837 2980 et
862 2917 893 2981 in
914 2913 1065 2983 cathedra
1086 2911 1145 2976 Ilei
1165 2908 1231 2988 sedi

104 2999 187 3066 Vide
207 3019 266 3069 tot.
287 3019 393 3092 caput.
412 3003 498 3076 Item
515 3009 546 3085 4.
566 3007 643 3098 1303.
689 3003 1099 3072 incordemaris:cl1msis
1114 3000 1230 3076 bomo,

35 3136 36 3151 .
107 3111 155 3154 ao.
178 3093 229 3158 15.
244 3109 278 3158 et
292 3117 356 3180 seq.
689 3107 720 3159 et
749 3117 812 3158 non
837 3095 949 3171 Deus,
978 3105 1010 3159 et
1033 3090 1146 3161 dedisti
1175 3113 1232 3156 cor

146 3180 184 3244 Et
195 3205 287 3248 nunc
299 3182 374 3247 audi
385 3182 475 3258 hac,
492 3182 646 3260 delicata,
690 3197 781 3249 tuum
795 3185 883 3270 quasi
897 3207 954 3251 cor
965 3183 1044 3259 Dei,
1061 3193 1122 3248 etc.
1139 3180 1159 3244 1
1162 3179 1229 3244 bid.

106 3276 135 3334 ot
155 3267 307 3336 babitans
328 3270 548 3346 confidenter,
579 3296 649 3360 qum
693 3275 743 3338 ud.
774 3296 803 3337 a.
833 3272 917 3338 Vide
938 3295 1050 3338 versus
1071 3284 1236 3358 seprienses

109 3351 647 3449 diuisineordetuozligosum,
691 3361 873 3447 uspcdo.
899 3357 1155 3427 tt.Itomc.-⁷)r
1182 3381 1230 3418 rr.

112 3451 139 3503 el
153 3467 214 3512 nou
229 3460 281 3514 est
293 3461 477 3537 prmterme
490 3447 646 3538 ampliirs:
691 3467 721 3514 et
735 3474 799 3538 seq.
813 3475 873 3540 per
885 3467 998 3518 totum.

111 3549 169 3598 nou
183 3535 305 3604 sedebo
317 3537 432 3615 vidua,
450 3552 483 3606 et
494 3541 649 3628 ignorabo
736 3537 783 3602 Tu
802 3563 835 3604 es
855 3565 911 3606 rex
938 3535 1145 3626 (ait])anie”l
1163 3535 1236 3624 regi

112 3622 328 3702 sterilitatem,
346 3640 408 3694 etc.
427 3627 518 3694 Itis.
538 3631 592 3715 47.
616 3633 646 3693 8.
692 3627 1010 3716 lt'atactodonoaor)
1026 3627 1103 3714 ‚qui
1115 3623 1235 3715 magni-

113 3703 141 3765 V
141 3710 293 3781 ideam.
307 3739 337 3802 9.
692 3717 871 3793 licatuscs‚
889 3731 921 3784 et
936 3715 1236 3784 invaluistizetma-

152 3796 225 3868 Haec
238 3804 317 3870 dicit
332 3805 485 3870 Dominus
500 3831 508 3870 ε
528 3809 583 3874 sic
593 3833 650 3897 pra
692 3807 826 3898 gnitudo
839 3819 892 3872 tua
910 3807 1029 3879 crevit,
1047 3817 1079 3870 ct
1090 3802 1235 3893 pervenit

113 3891 244 3956 treseere
261 3895 377 3960 sociam
395 3897 576 3982 superbiam
596 3897 651 3962 Ju—
694 3896 853 3985 usquead
879 3895 1017 3972 caelum,
1041 3907 1073 3960 et
1098 3901 1236 3982 potestas

115 3967 176 4049 da,
202 3993 232 4045 et
261 3983 443 4071 superbiam
472 3985 650 4051 Jerusalem
693 3986 1236 4052 tuainterminosuniversaeterrae,

115 4061 255 4148 inuli'ffl·
273 4071 394 4154 Jsst‘ssm·
418 4073 464 4137 ¹5·
482 4099 512 4161 92
694 4087 755 4140 tle·
777 4075 865 4138 Dun-
882 4075 912 4164 4
935 4097 981 4161 19.
999 4069 1235 4160 Responditque
