2967 4675
226 241 229 248 ’
342 281 456 360 vur
949 280 1022 350 ua
1104 329 1112 339 .
1201 231 1309 349 ss.

142 390 216 480 quia
236 413 330 481 super
345 411 447 481 pauca
462 392 546 458 suisti
562 389 682 468 fidelis,
725 394 758 458 in
780 414 879 460 manu
900 393 991 469 forti,
1019 405 1081 460 etc.
1107 394 1202 461 Dout.
1231 397 1261 460 5.

141 486 236 567 supra
251 478 350 546 multa
363 491 395 546 te
407 479 616 563 constituam,
632 480 684 546 in·
730 483 780 547 15.

38 613 40 620 -
131 577 191 646 vtra
206 569 238 633 in
255 569 537 658 gaudiumdomini
553 570 609 634 tui.
626 569 679 635 lb.
770 569 811 632 Et
840 568 1083 647 recordaberis,
1117 571 1266 659 quoniam

140 679 169 720 o.
191 657 242 724 95.
260 679 293 724 o.
312 658 435 745 anob.
630 708 644 736 .
726 657 944 734 servnsfueris
960 659 993 724 in
1017 659 1156 749 AEgypto
1172 683 1181 725 ι
1198 682 1267 726 cus
1347 668 1351 676 '

186 745 301 814 Venite
312 746 472 814 benedicti
489 745 589 812 Patris
598 745 683 822 mei,
726 747 953 836 todieaque'ac
975 747 1072 814 facies
1093 771 1163 838 quaa
1184 771 1267 838 praa-

141 833 300 922 possidete
329 847 475 924 paratum
508 836 599 907 vobis
632 858 686 900 rc-
726 848 819 925 cepta
838 848 923 902 sunt.
940 833 1029 902 Ibid.
1053 836 1103 901 16.
1128 858 1201 902 ι9.’

163 945 262 1002 num,
284 935 345 990 etc.
372 924 495 1002 Esurivi
519 925 628 1001 enim,
653 933 685 990 et
771 923 1062 993 Etrecordabimini
1078 925 1268 1010 (oitDorrsi-

136 944 270 1078 dedistis
287 1011 366 1078 mihi
382 1011 601 1089 manducare,
619 1024 681 1078 etc.
726 1037 790 1080 naas
809 1013 892 1103 filiis
909 1013 1044 1102 lsrael)
1065 1013 1189 1079 viarum
1212 1037 1269 1080 ve-

65 1181 68 1188 *
139 1097 232 1166 Ibid.
246 1103 279 1166 a.
300 1103 356 1182 bd.
367 1102 547 1168 5519499.
563 1125 613 1167 ιο.
626 1104 681 1181 49.
727 1115 873 1169 strarum·
890 1102 1124 1190 pessimarum.
1152 1101 1268 1166 studio-

142 1202 174 1252 et
186 1212 214 1252 c.
235 1189 283 1255 96.
301 1213 352 1277 97.
371 1188 454 1257 Item
466 1189 573 1256 Maro.
586 1215 616 1278 9.
627 1193 681 1270 4ο.
727 1213 800 1256 rum
823 1213 863 1255 ue
878 1213 943 1256 non
956 1191 1116 1256 bonorum
1136 1211 1145 1253 ι
1162 1201 1195 1256 et
1210 1188 1270 1255 dis·

87 1297 92 1306 ·
185 1277 306 1366 Dignus
328 1290 387 1350 ‚est
413 1277 498 1344 enim
524 1278 686 1367 operarius
727 1215 893 1370 plicdbunt
912 1279 1001 1345 robis
1013 1278 1197 1370 iniquitates
1218 1301 1269 1344 ve

139 1365 290 1432 mercede
305 1371 372 1432 sui.
392 1365 483 1432 Luca
494 1389 542 1430 ιο.
559 1391 588 1452 7.
601 1365 688 1429 Vide
728 1379 821 1444 strae,
838 1378 871 1432 et
882 1366 1002 1432 scelera
1013 1378 1127 1433 vestra.
1147 1365 1265 1432 Euat.

139 1451 482 1522 Psaturaalumr.
497 1454 579 1521 Tim.
594 1454 682 1519 5.18.
729 1457 782 1521 56.
809 1457 861 1523 5ι.
882 1454 968 1520 Vide
987 1471 1017 1520 et
1031 1455 1132 1520 loon.
1150 1456 1183 1533 4.
1216 1476 1267 1542 99.

187 1543 225 1607 Εἰ
241 1556 348 1608 autem
361 1545 414 1632 qui
424 1553 573 1631 operatur
581 1564 685 1620 ,amer
728 1542 816 1610 Item
829 1544 906 1611 Act.
925 1566 981 1610 99..
996 1545 1027 1623 4.
1048 1558 1079 1609 et
1094 1566 1121 1608 9.
1142 1543 1195 1608 96.
1217 1564 1267 1608 ιο.

141 1653 196 1696 ces
216 1654 289 1737 'uon
311 1634 487 1784 imgutatur
510 1631 686 1699 seouadbm
728 1633 870 1700 Rormb.
886 1656 935 1720 17.
951 1648 1052 1718 99999.
1075 1654 1103 1696 ι.
1120 1630 1197 1696 Cor.
1217 1630 1267 1695 ι5.

132 1719 686 1897 'difidtfiafiidiissdibi
730 1747 760 1810 ⁹·
774 1721 1271 1898 itt.t..¹{.d.tb........

190 1895 683 1986 Stipendiaenimpeccatimors.
728 1899 853 1975 Deum,
883 1898 941 1976 iis,
973 1897 1028 1986 qui
1061 1903 1175 1963 natura
1204 1918 1271 1961 non

144 1983 254 2050 Gratia
267 1997 372 2051 autem
384 1986 461 2062 Dei,
474 1986 536 2051 vita
549 1998 684 2062 aeterna,
729 1999 802 2053 sunt
811 1986 872 2065 dii,
888 1986 1083 2054 serviebatis.
1108 1985 1200 2052 Nunc
1218 2007 1272 2049 au·

145 2071 682 2150 96699ιοῦ999Βοωίοοοοειιο.
730 2088 794 2141 tem
816 2080 891 2142 cirm
918 2073 1128 2165 cognoveritis
1147 2074 1271 2150 Deum,

142 2160 234 2227 Itid.
252 2163 283 2227 6.
301 2163 353 2228 95.
380 2229 384 2234 ,
729 2165 793 2231 ἰοιὸ
805 2165 923 2254 cogniti
935 2165 1030 2247 sirisa
1045 2164 1132 2240 Deo,
1149 2162 1274 2227 nonod

185 2249 686 2341 Unusquisqueautempropriam
721 2252 1183 2344 Ιριίιιὶιιοι·99999ἱιηι“ιιι’,99ιί
1192 2274 1273 2341 gra-

142 2339 326 2408 mercedem
353 2342 488 2430 accipiet
510 2341 687 2411 seeundum
729 2344 828 2409 tiaaa
852 2344 896 2407 ito
909 2343 987 2407 Deo.
1008 2341 1116 2405 Galat.
1135 2342 1167 2418 4.
1187 2344 1218 2405 8.
1237 2364 1268 2428 9.

38 2466 40 2477 ·
143 2452 238 2494 suum
253 2428 407 2495 laborem.
431 2454 458 2494 ι.
480 2428 557 2499 Cor.
580 2431 609 2495 5.
631 2431 661 2493 8.
730 2429 818 2495 Vide
828 2366 946 2517 bpta.
964 2450 992 2491 9.
1010 2451 1044 2492 o.
1069 2449 1096 2490 ι.
1117 2451 1146 2492 9.
1164 2427 1195 2492 5.
1218 2450 1268 2494 ιι.

43 2554 66 2565 --
191 2516 232 2582 Ut
247 2516 416 2583 ambuletis
429 2516 523 2605 digne
541 2517 610 2581 Deo
630 2539 689 2603 per
729 2533 760 2583 ct
781 2540 829 2583 ι9.

145 2605 253 2670 omnia
275 2602 461 2691 placentes,
482 2615 544 2669 etc.
565 2602 684 2669 Colore.
774 2605 877 2671 Eratis
893 2603 980 2669 enim
999 2602 1169 2693 aliquando
1181 2615 1273 2669 tene-

148 2718 177 2759 r.
201 2716 250 2759 ιο.
730 2694 796 2759 brae
811 2744 820 2769 ,
848 2715 936 2759 nuno
957 2704 1065 2758 autem
1083 2692 1136 2757 lux
1155 2692 1189 2758 in
1204 2692 1272 2757 Do·

191 2782 232 2848 Ut
247 2778 333 2870 digni
345 2778 528 2867 habeamini
544 2778 576 2845 in
589 2801 689 2869 regno
730 2783 828 2849 mino.
849 2782 890 2848 Ut
900 2779 959 2845 filii
969 2778 1049 2846 lacis
1060 2776 1272 2846 ambulate—-

145 2870 225 2949 Dei,
249 2893 308 2961 pro
331 2893 394 2958 quo
421 2882 453 2935 at
470 2868 627 2957 patimini.
655 2891 684 2933 9.
731 2872 764 2937 in
783 2873 871 2937 omni
890 2870 1052 2947 bonitate,
1075 2881 1109 2934 et
1123 2868 1269 2958 justitia,

146 2958 256 3026 Thess.
276 2982 303 3025 1.
323 2960 353 3023 5.
729 2954 764 3026 'et
783 2960 934 3035 veritate,
959 2970 1022 3025 etc.
1040 2958 1159 3047 prcs.
1186 2960 1217 3023 5.
1238 2960 1269 3023 8.

190 3045 305 3113 Beatus
321 3048 387 3123 vir,
408 3046 462 3135 qui
484 3044 596 3114 suffert
616 3058 685 3112 ten·
731 3074 761 3137 9.
783 3048 869 3114 Vide
887 3047 1005 3114 Colere.
1030 3070 1057 3112 ι.
1078 3070 1130 3112 9ι.
1152 3048 1271 3113 Τιίμό.

144 3135 322 3213 tationem,
345 3136 496 3225 quonium
513 3160 587 3203 curn
612 3159 690 3224 pro·
733 3139 763 3205 5.
783 3163 810 3203 ι.
824 3137 913 3203 Patr.
930 3160 960 3201 9.
979 3159 1028 3202 ιο.

143 3226 238 3291 batus
254 3226 369 3302 suerit,
386 3224 521 3312 accipiet
535 3238 689 3291 coronam
759 3301 762 3305 ¹
776 3226 879 3291 Eratis
890 3224 976 3291 enim
987 3226 1069 3290 sicut
1079 3248 1155 3291 oves
1165 3245 1274 3307 erran·

144 3315 242 3391 vitae,
274 3337 371 3401 quam
396 3313 578 3467 9999999999
603 3314 700 3389 Deus¹
731 3327 798 3394 tes,
814 3314 870 3382 sed
886 3314 1029 3383 conversi
1041 3316 1115 3379 estis
1129 3334 1218 3379 nnnc
1232 3310 1277 3375 ad

145 3402 352 3491 diligentibus
369 3424 413 3467 se.
453 3409 503 3466 oo.
527 3425 554 3466 ι.
578 3424 627 3465 ι9.
731 3417 892 3493 pastorem
907 3415 939 3468 et
954 3404 1140 3491 episcopum
1155 3399 1274 3466 anima·

146 3541 235 3607 aa.
249 3554 407 3607 ..aaa
422 3539 585 3605 ...aa
601 3536 691 3605 aaa
732 3504 1002 3664 9999999
1023 3516 1050 3557 ¹·
1065 3491 1153 3555 Μ’·
1172 3510 1201 3553 ²·
1219 3488 1276 3553 ²⁵*

197 3658 204 3671 ¹
347 3629 489 3695 inutilia.
1233 3670 1245 3682 .

192 3764 354 3831 Memento
370 3759 692 3851 (airMoymadpa
757 3714 845 3780 Vim
872 3707 1197 3873 ἡἭΜΙῖΜῖω
1225 3724 1256 3775 ⁶⁸

147 3855 266 3944 putum
287 3852 433 3940 199984),
464 3848 550 3938 qubd
570 3849 692 3938 etipse

149 3941 294 4011 servieris
307 3942 340 4009 in
357 3940 508 4031 AEgypto,
525 3950 557 4005 et
572 3938 692 4005 eduxe-
780 3942 816 4009 In
832 3942 948 4008 sudore
966 3939 1071 4006 vultds
1098 3938 1143 4004 tui
1169 3934 1284 4021 (diste

151 4028 191 4095 rit
207 4042 237 4097 te
256 4030 329 4098 inde
345 4028 500 4099 Dominus
516 4028 602 4095 Deus
619 4040 691 4094 tuus
735 4030 898 4098 Dominus
919 4028 966 4095 od
987 4028 1123 4113 Adam)
1144 4022 1276 4125 nosceris
